2163 3852
510 137 856 190 Humum.
912 133 1265 189 Onannvmo
1300 154 1709 194 ennean-men.
1959 138 2062 196 ³8⁵

572 772 1036 828 OBSERVA'MO
1114 771 1649 824 GEOGRAI‘fflCA.

301 1314 480 1394 Quum
519 1315 766 1384 pluribus
811 1317 914 1384 jam
964 1319 1030 1368 de
1058 1319 1187 1368 Jun
1209 1316 1763 1382 germanniarum
1804 1316 2045 1365 ‹listri-

157 1381 193 1432 h
215 1385 407 1435 ution
428 1404 456 1436 e
511 1389 988 1456 geographica
1068 1387 1272 1454 egerim
1321 1390 1510 1453 (supra
1548 1404 1600 1452 p.
1632 1386 1786 1449 311.)
1808 1422 1822 1447 ,
1881 1403 2045 1453 pauca

159 1454 491 1506 solummodo
523 1474 693 1526 eaque
724 1458 1063 1526 generaliora
1095 1457 1184 1508 hic
1218 1457 1413 1506 addere
1442 1457 1603 1522 juvat.

297 1579 489 1645 Amant
511 1579 808 1646 Hepaticae
847 1597 1035 1630 omnes
1068 1580 1278 1631 eoelum
1312 1581 1565 1639 humens,
1602 1577 1750 1642 eujus
1781 1575 2048 1627 beneficio

154 1646 657 1717 fruentes'vig'ent3
710 1665 833 1697 mox
875 1659 1049 1697 autem
1103 1651 1391 1715 ingruente
1444 1648 1559 1696 sole
1601 1648 1858 1713 siccoque
1924 1650 2047 1696 aere

154 1716 439 1770 exhaustae
464 1728 724 1767 corruunt
750 1718 1066 1785 languentes
1087 1719 1374 1785 rigentque
1395 1717 1692 1783 peraridae.
1765 1719 2052 1765 Innaseun-

151 1796 241 1835 tur
279 1787 530 1837 arborum
568 1786 864 1836 corticibus
919 1801 1166 1837 terraeve
1228 1786 1402 1836 nudae
1459 1787 1543 1837 vel
1602 1787 1732 1835 limo
1784 1787 2042 1845 emollito,

151 1857 350 1906 multae
384 1857 545 1905 etiam
581 1873 791 1906 muscos
835 1870 1136 1924 perrepunt
1173 1868 1260 1906 aut
1307 1856 1556 1906 arborum
1590 1856 1924 1922 tropicarum
1963 1855 2046 1906 fo-

151 1925 253 1985 lia,
293 1925 661 1994 radiculisque
697 1927 753 1975 in
781 1926 847 1976 iis
888 1925 1008 1976 fixis
1038 1927 1376 1984 nutriuntur,
1417 1927 1588 1975 solum
1628 1926 1768 1974 nulla
1802 1943 1866 1975 ex
1891 1937 2044 1992 parte

151 1996 549 2065 contingentes.
625 1996 817 2047 Flores
864 1997 1219 2064 (perichaetia
1266 1997 1452 2046 saltem
1480 2008 1533 2044 et
1563 1997 1793 2061 calyces)
1847 1996 2045 2045 erebro

151 2064 473 2135 perficiunt3
512 2067 757 2133 capsulae
783 2068 987 2128 rarius,
1027 2067 1082 2116 in
1106 2066 1288 2115 multis
1322 2068 1506 2116 saltem
1534 2065 1834 2133 speciebus,
1875 2083 2046 2114 emer·

154 2148 315 2206 gunt,
364 2153 466 2188 nec
509 2136 616 2187 nisi
657 2138 812 2188 coelo
860 2137 1073 2206 situque
1115 2138 1340 2186 maxime
1389 2136 1612 2188 idoneis.
1698 2135 2044 2186 Adscendunt

151 2218 361 2258 montes
406 2219 460 2259 et
506 2206 629 2274 juga
671 2207 896 2275 alpium,
943 2224 1047 2258 nec
1089 2209 1246 2276 polos
1286 2207 1643 2256 reformidant
1683 2205 2046 2274 nequeinter

149 2277 402 2344 tropicos,
445 2277 644 2331 frustra
688 2288 1034 2346 quaeruntur.
1123 2278 1416 2345 Utriusque
1465 2275 1611 2344 globi
1653 2275 1828 2325 nostri
1870 2273 2043 2324 hemi..

149 2348 387 2415 sphaerii
415 2347 653 2411 incolae,
691 2348 885 2398 laetius
920 2360 1094 2397 tamen
1130 2348 1523 2397 incrementum
1565 2346 1779 2413 capiunt
1819 2344 2045 2394 ubicun-

152 2435 254 2486 que
291 2417 387 2468 sub
431 2418 587 2468 coelo
633 2418 807 2469 calido
850 2419 1109 2468 montium
1151 2417 1341 2467 altiora
1378 2416 1648 2467 eacumina
1679 2426 1881 2464 aestum
1907 2426 2043 2465 tem-

150 2499 346 2557 perant
388 2498 441 2536 et
478 2487 650 2538 solem
696 2489 958 2554 sylvarum
996 2489 1180 2538 umbra
1222 2491 1505 2546 coercent,
1546 2486 1668 2534 dum
1703 2485 1930 2534 humore
1971 2502 2040 2534 ne

152 2569 367 2609 careant
396 2556 461 2607 ad
493 2559 654 2609 vitam
681 2558 868 2608 harum
905 2559 1201 2626 plantarum
1229 2557 1453 2608 maxime
1496 2555 1832 2616 neeessario;
1871 2554 1928 2603 in
1956 2554 2041 2603 his

148 2640 326 2679 autem
351 2627 682 2693 ¹regionibus
722 2627 789 2677 ad
821 2640 1073 2678 staturam
1106 2638 1357 2678 crescunt
1400 2644 1502 2695 pro
1547 2627 1649 2675 ista
1682 2624 1881 2674 familia
1919 2642 2043 2691 pro-

149 2717 361 2760 ceram,
399 2700 672 2768 multaque
711 2699 972 2766 elegantia
1013 2698 1366 2750 etffvarietate
1404 2706 1720 2753 exornatae,
1759 2690 2041 2760 Hymeno-

148 2766 352 2838 phy-lla
403 2769 660 2836 quaedam
700 2764 904 2820 'aliasve
940 2767 1133 2818 Filices
1178 2767 1538 2827 aemulantur,
1589 2765 1676 2817 vel
1704 2760 2044 2832 Lycopodiis

152 2839 328 2890 forma
353 2838 598 2907 regulari
622 2849 677 2889 et
706 2839 1072 2908 magnitudine
1101 2838 1380 2889 accedunt.

287 2961 530 3024 Genera,
569 2980 705 3031 quae
753 2961 971 3030 quidem
1005 2963 1074 3012 ad
1113 2973 1353 3011 naturam
1393 2968 1698 3013 constructa
1742 2956 2036 3018 videantur,

149 3047 317 3101 pauca
348 3043 500 3094 sunt,
541 3033 636 3082 sed
667 3034 858 3083 horum
897 3050 1056 3081 unum
1087 3028 1549 3095 Jangermanniae
1600 3026 1818 3077 nominc
1860 3027 2043 3092 appel-

149 3105 342 3162 latum,
383 3103 688 3168 specierum
722 3103 977 3152 immensa
1014 3103 1171 3169 copia
1204 3100 1458 3161 affluens3
1497 3099 1641 3167 quod
1681 3113 1841 3165 quum
1869 3097 2044 3145 indies

150 3173 307 3223 novis
337 3173 567 3223 inventis
612 3172 996 3240 amplificetur,
1037 3184 1317 3222 crescente
1358 3186 1571 3236 semper
1613 3167 1918 3234 specierum
1946 3184 2039 3215 nu-

151 3260 304 3293 mero
340 3243 467 3292 olim
492 3243 725 3293 fortasse
766 3243 908 3293 inter
937 3243 1115 3295 omnia
1147 3243 1253 3293 erit
1285 3241 1582 3308 plantarum
1624 3253 1823 3305 genera
1866 3235 2044 3304 quoad

152 3313 369 3380 species
406 3312 906 3381 locupletissimum.

291 3436 520 3502 Species
555 3438 850 3504 plantarum
883 3435 1295 3503 Hepatiearum,
1352 3443 1407 3480 et
1442 3447 1531 3480 eas
1565 3429 1782 3497 quidem
1835 3430 2040 3496 pleras-

156 3522 259 3576 que
299 3506 435 3579 bene
472 3508 792 3559 examinatas
836 3506 1107 3576 dubioque
1146 3514 1423 3572 expertes,
1476 3500 1678 3574 aliquas
1718 3512 1893 3550 tamen
1925 3516 2041 3571 ¹non

1394 3573 1521 3603 onaa-

1394 3606 1454 3621 κ’]
