2163 3852
106 87 210 146 364
624 76 967 129 Herartcan.
1015 81 1477 130 Juxennmsxnm.

106 235 314 293 Folia
353 231 595 283 olivaceo
620 229 927 290 -brunnea,
966 229 1168 290 nitida,
1208 242 1506 279 antrorsum
1537 230 1849 288 imbricata,
1888 242 1986 280 neo·

108 325 214 378 que
263 317 438 354 tamen
492 300 792 351 arctissime
839 311 1149 367 compacta,
1217 299 1606 360 horizontalia,
1669 299 1980 359 orbiculata,

107 378 263 446 apice
299 371 618 428 rotundatu,
659 368 894 428 deflexa,
935 368 1319 438 integerrima,
1365 370 1539 420 rarius
1584 387 1691 420 uno
1741 370 1982 419 alterove
2029 397 2035 401 -

107 446 382 500 denticulo
432 443 726 499 instructa,
779 439 895 489 basi
927 451 1038 490 tota
1091 440 1306 498 adnata,
1345 456 1447 489 nec
1490 441 1730 507 margine
1770 440 1981 505 postico

104 518 257 568 basin
296 530 479 566 versus
510 510 862 575 emarginata,
903 509 1018 576 ipsa
1050 522 1226 560 tamen
1260 510 1375 559 basi
1409 509 1550 576 plica
1576 509 1762 561 obtusa
1791 507 1988 559 inflexa

106 602 161 647 et
197 582 551 636 minutissime
577 580 885 642 sublobata;
925 580 1062 630 retis
1103 579 1314 629 areolae
1346 580 1524 639 laxae,
1575 597 1822 648 magnae,
1861 578 1986 628 sub·

106 656 451 711 orbiculatae.
523 649 1062 718 Amphigastria
1130 650 1379 718 contigua
1442 667 1619 718 neque
1684 651 1983 708 imbricata,
2023 690 2026 691 γ

106 723 471 796 magnitudine
512 721 771 770 foliorum
792 757 804 778 ,
862 722 1085 770 cordato
1112 750 1131 759 ·
1158 720 1238 771 vel
1303 720 1591 770 renisormi
1621 752 1638 758 -
1667 720 1982 778 orbiculata,

106 795 489 864 integerrima,
529 802 713 848 acuta,
761 802 915 840 acute
960 790 1152 850 bifida,
1201 789 1414 840 laciniis
1457 792 1624 841 rectis
1666 791 1856 841 acutis.
1927 784 1986 837 In

106 871 266 920 unico
306 861 554 928 exemplo
605 860 1133 926 perichaetium
1185 860 1638 927 deprehendimus
1686 859 1986 919 terminale,

108 939 257 990 caule
299 935 393 983 sub
428 931 618 982 eodem
658 929 1019 997 prolificante,
1078 929 1226 996 cujus
1276 930 1449 980 folia
1516 931 1744 1000 reliquis
1802 930 1983 997 paullo

108 1009 335 1075 majora,
375 1014 557 1061 ovata,
597 1012 779 1059 acuta,
821 1002 1059 1068 margine
1098 1000 1249 1062 valde
1289 1013 1489 1051 serrata
1536 1001 1984 1060 inveniebantur3

105 1071 620 1144 amphigastria
658 1071 977 1137 profundius
1019 1070 1217 1129 bifida,
1271 1071 1507 1137 repanda
1567 1083 1620 1121 et
1669 1071 1796 1120 hinc
1861 1069 1987 1119 inde

105 1147 445 1201 denticulata.
522 1141 813 1207 Calyces
852 1159 961 1191 non
1012 1141 1261 1203 aderant,
1314 1142 1458 1192 forte
1509 1142 1577 1192 ob
1615 1141 1991 1192 innovationes

102 1212 408 1272 abortiente
454 1211 608 1262 flore.

242 1291 300 1338 In
335 1287 528 1338 Vana.
579 1281 698 1331 folii
731 1299 913 1349 margo
951 1281 1191 1347 posticus
1227 1280 1290 1331 ad
1339 1280 1486 1330 basin
1531 1279 1851 1347 profundius
1902 1276 1987 1328 in·

105 1359 276 1410 sscxus
317 1367 398 1404 est
445 1355 726 1421 sinumque
768 1352 1056 1419 relinquit,
1124 1352 1216 1402 sed
1271 1352 1482 1420 reliqua
1532 1352 1875 1402 conveniunt.
1917 1375 1988 1387 -—·

108 1427 364 1482 Occurrit
392 1425 523 1474 haec
559 1425 784 1473 varietas
812 1424 971 1471 ramis
1007 1422 1158 1488 apice
1199 1425 1456 1474 arcuatim
1487 1422 1746 1475 recurvis.
1821 1423 1989 1471 Fruc-

128 1513 214 1550 tus
245 1510 298 1548 et
333 1497 481 1560 calyx
498 1496 794 1561 completus
831 1493 1042 1542 desunt.

243 1567 339 1617 Ad
380 1564 613 1614 flumen
647 1569 988 1611 Amazonum
1037 1560 1178 1612 inter
1207 1580 1449 1621 muscos,
1500 1565 1572 1626 (8.
1618 1555 1991 1629 flagellijerae

106 1637 215 1688 διο.
244 1638 608 1686 innascentem
653 1632 962 1695 habemus)
1017 1630 1146 1681 laxo
1190 1633 1443 1693 caespite,
1485 1642 1536 1682 et
1572 1631 1624 1681 in
1667 1630 1843 1699 sylvis
1874 1630 1991 1697 pri-

105 1708 308 1760 maevis
351 1706 423 1754 ad
465 1703 541 1753 St.
585 1703 744 1754 Joan.
779 1701 1037 1769 Baptista
1077 1700 1402 1752 Provinciae
1427 1701 1719 1752 Illinarum
1757 1700 1993 1751 Genera-

110 1779 259 1829 lium.
307 1806 375 1815 —-
427 1771 476 1823 J.
508 1773 562 1822 in
597 1772 884 1842 sylvaticis
930 1771 1048 1822 udis
1089 1770 1349 1839 depressis
1374 1771 1674 1822 Districtus
1703 1772 1991 1821 Adaman-

109 1860 251 1911 tum,
284 1864 380 1896 nec
419 1862 525 1893 non
547 1844 618 1893 ad
649 1841 1041 1892 Blandioceam
1063 1880 1075 1903 ,
1119 1853 1215 1892 ele.
1295 1847 1383 1905 (V.
1421 1840 1617 1910 asra).
1652 1875 1722 1886 —-
1758 1844 1823 1891 In
1851 1840 1992 1892 Java

109 1913 605 1984 insizlztsreqzzen53
649 1912 863 1963 Blume.
937 1911 1006 1963 Ν.
1040 1914 1108 1961 ab
1140 1911 1213 1965 E.
1244 1915 1380 1981 Syn.
1402 1911 1537 1982 Hep.
1567 1911 1690 1963 Jav.
1727 1922 1881 1978 μέμ.

252 1989 550 2040 Observ.
642 1985 953 2053 Propinqua
1001 1994 1081 2034 est
1121 1984 1719 2052 Jungermanniae
1775 1980 1994 2049 conti-

111 2078 315 2130 guae,
356 2077 383 2108 a
436 2075 535 2123 qua
582 2056 822 2106 recedit:
883 2054 1034 2103 caule
1072 2056 1319 2124 longiore
1362 2055 1527 2105 laxius
1580 2054 1789 2115 diviso,
1840 2054 1992 2104 foliis

112 2152 216 2182 non
257 2142 362 2179 tam
406 2140 549 2177 arcte
597 2126 926 2186 imbricatis,
986 2125 1382 2192 amphigastriis
1436 2125 1564 2174 folia
1623 2124 1992 2192 magnitudine

113 2198 484 2270 aequantibus,
561 2200 707 2246 Inter
736 2197 1177 2263 Jungermannias
1206 2196 1483 2245 Javanicas
1511 2195 1602 2244 isti
1640 2196 1848 2245 accedit
1883 2213 1990 2243 ma-

111 2274 255 2322 xime
291 2271 336 2320 J.
370 2269 776 2318 umbilicata
812 2268 876 2314 N.
900 2266 1041 2315 abE.
1084 2269 1226 2332 Syn.
1265 2269 1360 2315 He
1381 2284 1427 2332 p.
1461 2267 1596 2315 Jav.
1631 2275 1811 2330 p.42.,
1850 2266 1990 2330 caly-

111 2343 264 2392 cibus
296 2340 368 2390 ea'
394 2339 609 2408 quidem
644 2337 923 2388 obconicis
970 2336 1211 2388 laevibus
1249 2336 1511 2405 apiceque
1547 2336 1874 2387 umbilicatis
1909 2336 1991 2386 di-

109 2425 476 2465 stinctissima.

394 2573 465 2620 49.
513 2582 1134 2622 JUNGERMANNIA
1191 2578 1534 2618 DIFFUSA
1576 2580 1692 2620 sw.

246 2703 290 2751 J.
330 2699 478 2750 caule
510 2697 895 2764 procumbente
943 2695 1516 2745 dichotomo-ramoso
1547 2690 1873 2755 divaricat03
1913 2691 2000 2742 fo·

109 2773 200 2822 liis
239 2783 383 2819 arcte
410 2767 708 2817 imbricatis
741 2767 910 2816 ovatis
943 2767 1114 2816 acutis
1144 2765 1529 2834 integerrimis,
1570 2763 1755 2814 lobulo
1785 2763 1992 2813 minuto

94 2841 463 2907 *inaequaliter
518 2835 947 2906 tri-quadrifido
999 2836 1251 2897 dentato,
1300 2835 1697 2903 amphigastriis
1745 2834 1994 2883 imbrica-

112 2915 180 2963 tis
219 2909 586 2978 subquadratis
630 2907 1227 2974 praemorso-dentatis
1256 2907 1310 2956 in
1343 2906 1521 2956 medio
1555 2902 1759 2974 gibbis,
1799 2904 1994 2969 calyci-

110 2985 209 3032 bus
245 2980 553 3032 lateralibus
579 2978 902 3044 prismaticis
930 2978 1283 3037 mucronatis,
1323 2974 1643 3044 perichaetii
1682 2974 1833 3025 foliis
1872 2991 1993 3026 cum

112 3053 310 3103 lohulis
350 3062 404 3100 et
433 3048 831 3118 amphigastriis
877 3048 1134 3116 elongatis
1175 3059 1381 3098 serrato
1403 3077 1423 3087 ··
1446 3047 1657 3097 ciliatis.

180 3121 228 3172 .].
261 3116 463 3190 diffusa
491 3117 597 3168 δα).
633 3116 823 3168 Prodr.
860 3115 939 3167 Fl.
970 3116 1090 3167 lnd.
1126 3136 1232 3167 occ.
1267 3136 1323 3185 ρ.
1349 3127 1462 3180 ι44.
1497 3114 1581 3166 Fl.
1608 3114 1725 3165 Ind.
1751 3131 1859 3164 occ.
1879 3110 1986 3162 III.

308 3212 365 3259 p.
402 3190 544 3240 1860.
620 3186 929 3252 Schwaegr.
962 3185 1157 3241 Prodr.
1193 3207 1248 3256 p.
1276 3191 1349 3240 15.
1390 3218 1459 3227 -—
1504 3185 1659 3237 W'eb.
1681 3183 1873 3235 Prodr.
1898 3183 1981 3234 31.

323 3295 392 3304 --
431 3264 551 3327 Spr-
599 3261 650 3308 S.
702 3259 759 3308 V.
808 3261 902 3308 IV.
956 3260 1002 3309 I.
1042 3277 1099 3326 p.
1136 3276 1250 3308 221.
1299 3278 1352 3308 n.
1382 3258 1466 3320 46.
1543 3256 1690 3322 (Vid.
1734 3255 1790 3306 in
1822 3251 1988 3304 Herb.

330 3329 415 3382 IV
408 3333 543 3380 eber.
609 3326 1003 3393 Lindenbergii
1079 3325 1335 3393 beneficio
1400 3328 1692 3396 specimen,
1751 3327 1820 3374 ab
1873 3323 1989 3391 ipso

320 3399 618 3450 Swarlzius
646 3399 872 3458 dotum.)
899 3430 965 3437 —
1004 3397 1296 3448 Frnllania
1326 3398 1630 3447 diclzoloma
1652 3395 1831 3446 Radd.
1852 3392 1988 3457 Hes).

318 3474 460 3522 bras.
488 3471 539 3520 in
562 3468 753 3538 Opusc.
771 3470 951 3519 scient,
980 3469 1036 3520 di
1051 3468 1175 3519 Bol.
1199 3470 1292 3535 (V.
1315 3468 1540 3532 exempl.
1562 3466 1959 3528 Reddianum).
