2163 3852
795 173 1098 220 lacunas.
1818 185 1883 233 57

15 327 238 387 habent
270 323 658 391 relationem,
719 343 900 401 quam
940 322 1198 380 aliorum
1226 323 1560 383 Lichenum
1591 327 1897 407 pellucida

19 409 184 478 fibris
227 407 529 486 inspersa,
578 424 776 482 neque
820 425 957 462 cum
994 404 1105 462 cel.
1148 407 1487 485 Meyero,
1544 408 1618 466 de
1667 410 1899 469 ordinis

19 489 371 568 cognitione
425 485 830 566 praemerito,
926 483 1274 564 glomerulis
1332 488 1625 548 viridibus
1694 492 1902 570 aequi-

21 570 322 652 paranda,
442 567 836 647 priorumque
909 567 974 624 in
1059 568 1339 627 Stictis
1428 572 1714 630 transitus
1792 594 1905 653 per

21 667 274 712 stratum
323 649 612 707 fibrosum
670 649 989 728 subjacens
1042 651 1436 729 accipiendus
1492 667 1585 710 est
1598 676 1617 728 3
1703 674 1903 734 neque

25 756 153 793 rem
198 731 347 790 satis
383 731 649 788 illustrat
687 731 797 787 cel.
844 730 1301 790 Wallrothii
1346 733 1659 792 distinctio
1702 736 1905 795 chlo-

26 812 629 894 rogonidiorum
671 826 731 870 et
776 812 1604 892 chrysogonidiorum.
1696 817 1908 875 Omni-

27 919 108 955 no
147 908 463 976 praeterea
500 893 714 951 deesse
752 895 989 954 videtur
1018 895 1192 953 color
1229 895 1439 955 viridis
1487 896 1550 953 in
1590 897 1724 955 aliis
1769 900 1907 956 stir-

30 977 244 1059 pibus,
302 975 662 1056 praesertim
704 976 997 1056 tropicis,
1070 999 1327 1056 quorum
1373 979 1702 1037 nonnullae
1756 980 1910 1038 alius

32 1059 260 1118 coloris
329 1058 593 1136 gaudent
640 1071 832 1115 strato
887 1058 1212 1117 distincto:
1282 1060 1368 1117 sic
1439 1061 1501 1117 in
1544 1061 1912 1120 Solorina

35 1162 308 1199 crocea
350 1139 602 1218 granula
644 1139 826 1196 rubra
868 1160 977 1219 per
1020 1140 1321 1218 integrum
1364 1141 1610 1221 quidem
1656 1159 1911 1202 stratum

32 1219 357 1280 medullas-e
386 1221 680 1301 inspersa,
724 1224 995 1301 proxime
1037 1244 1188 1282 vero»
1222 1238 1414 1281 strato
1444 1226 1721 1282 corticali
1765 1247 1910 1305 apo-

33 1305 373 1383 theciisque
405 1304 715 1382 copiosius
747 1319 1107 1362 coacervata
1144 1319 1397 1362 stratum
1435 1305 1662 1364 ibidem
1703 1307 1911 1365 ruber-

36 1409 255 1444 rlnlum
295 1400 533 1443 sistunt.

196 1471 409 1546 Neque
435 1466 637 1524 obstat
662 1466 948 1524 divisioni
967 1466 1303 1524 Lichenum
1341 1468 1561 1526 citatae
1593 1469 1915 1548 singularis

39 1571 71 1608 e
102 1565 320 1607 natura
349 1546 685 1605 Lichenum
712 1548 1109 1607 exterioribus
1146 1550 1325 1607 nimis
1353 1550 1618 1608 obnoxia
1645 1551 1918 1632 pendens

38 1631 213 1689 thalli
251 1630 763 1709 metamorphosis
796 1630 1000 1708 potius
1033 1631 1281 1688 morbus
1316 1632 1609 1702 dicenda,
1675 1654 1794 1713 qua
1827 1631 1922 1689 vel

41 1714 106 1771 in
137 1712 397 1771 oriundo
427 1711 666 1768 lichene
709 1710 961 1769 cellulae
989 1714 1313 1791 primariae
1339 1715 1608 1773 extensio
1633 1716 1924 1796 plurium-

45 1816 163 1874 que
200 1794 510 1853 confluxus
551 1794 628 1850 ad
662 1793 1101 1852 efformandam
1133 1795 1375 1866 fibram,
1433 1819 1558 1856 non
1592 1819 1734 1855 vero
1772 1796 1924 1854 mul-

43 1877 347 1957 tiplicatio
403 1875 678 1956 priorum
728 1876 1033 1934 luxurians
1082 1877 1160 1934 ad
1207 1878 1466 1936 sormam
1513 1880 1926 1959 praebendam

46 1959 216 2017 thalli
261 1957 559 2016 crustacei
593 1957 687 2016 vel
721 1957 1156 2038 pulverulenti,
1202 1982 1400 2041 neque
1436 1962 1674 2041 saepius
1714 1961 1926 2018 fructi-

45 2041 249 2099 ficatio
281 2039 574 2120 impedita
599 2055 723 2109 est,
769 2040 864 2100 vel
899 2041 1080 2098 etiam
1117 2042 1373 2101 lichenis
1411 2044 1598 2101 adulti
1630 2059 1929 2102 structura

47 2144 119 2180 eo
155 2123 342 2181 modo
388 2123 563 2201 quasi
608 2122 962 2182 dissolvitur
1008 2124 1131 2181 vita
1167 2124 1509 2199 incolumi,
1574 2127 1658 2184 ita
1691 2140 1756 2182 ut
1795 2146 1928 2206 spe-

48 2205 205 2262 ciem
250 2204 440 2262 thallo
490 2204 823 2261 solenniter
872 2206 1170 2264 frondoso
1233 2208 1597 2285 gaudentem
1651 2229 1931 2265 nonnun-

53 2309 235 2366 quam
269 2285 540 2343 invenias
571 2285 762 2343 thallo
797 2286 988 2364 magis
1024 2289 1295 2345 minusve
1335 2305 1649 2348 crustaceo
1677 2290 1931 2346 interius

52 2369 367 2437 celluloso,
415 2367 564 2424 alias
599 2368 857 2425 eundem
880 2368 965 2424 ita
997 2369 1379 2440 rarefactum,
1425 2387 1490 2429 ut
1527 2372 1776 2430 nonnisi
1804 2391 1932 2429 ver-

52 2472 233 2508 rucae
267 2448 458 2526 magis
495 2449 765 2506 minusve
810 2450 1098 2529 copiosae
1142 2451 1397 2511 interius
1451 2454 1708 2512 subinde
1752 2455 1934 2513 fibro-

54 2553 155 2591 sae
200 2531 402 2589 adsint
455 2531 779 2610 apothecia
837 2530 1248 2591 suffiilcientes
1306 2535 1400 2593 vel
1459 2537 1790 2595 eorundem
1827 2561 1937 2594 nu-

58 2614 254 2672 cleum
300 2613 602 2693 juniorem
647 2628 706 2670 et
750 2615 991 2693 saepius
1034 2615 1377 2674 abortivum
1418 2617 1719 2689 foventes,
1789 2620 1938 2677 alias

65 2696 345 2765 thallum,
413 2709 480 2752 ut
513 2695 892 2763 monuimus,
958 2698 1207 2763 omnino
1252 2699 1652 2757 deficientem.
1772 2704 1938 2759 Haec

60 2778 205 2836 licet
240 2776 563 2855 diagnosin
599 2778 839 2857 saepius
878 2778 1153 2849 turbent,
1221 2796 1405 2861 atque
1452 2804 1767 2840 numerum
1806 2804 1941 2864 spe·

64 2861 292 2918 cierum
327 2879 731 2938 generumque
773 2860 932 2917 ultra
955 2862 1203 2919 modum
1239 2865 1539 2933 auxerint,
1600 2888 1726 2924 non
1767 2866 1943 2925 aliter

67 2963 128 3002 se
158 2940 386 2999 habent
421 2962 492 2998 ac
516 2943 862 3002 Muscorum
905 2962 1019 3000 nec
1061 2966 1188 3002 non
1228 2946 1438 3003 forsan
1461 2947 1797 3006 Lichenum
1831 2950 1945 3006 ini-

67 3024 150 3081 tia
182 3022 545 3080 luxuriantia
571 3044 683 3103 pro
714 3018 905 3103 Algis,
951 3027 1297 3105 Fungorum
1320 3050 1463 3089 vero
1492 3051 1605 3110 pro
1639 3031 1944 3090 distinctis

68 3104 389 3184 generibus
427 3103 755 3184 descripta.

230 3185 505 3244 Alterum
541 3187 685 3243 dein
722 3187 1040 3247 divisionis
1075 3188 1561 3262 fundamentum,
1618 3193 1944 3253 fructifica-

74 3267 304 3325 tionem
345 3267 743 3347 respicientes
789 3292 916 3328 non
962 3272 1255 3351 majorem
1293 3274 1628 3334 invenimus
1670 3292 1950 3334 constan·

76 3350 248 3418 tiam,
297 3349 349 3406 si
381 3349 644 3429 excipias
680 3349 938 3408 sormam
965 3353 1059 3409 vel
1093 3356 1583 3414 rotundatam
1617 3358 1710 3416 vel
1746 3358 1949 3415 elon-

14 3507 27 3511 ,
81 3445 326 3510 gatam
369 3431 861 3512 Graphideas
906 3434 1405 3513 distinguentem,
1480 3460 1634 3518 quae
1678 3459 1820 3498 vero
1864 3437 1953 3495 di-

83 3523 332 3569 versitas
379 3533 516 3569 cum
558 3513 678 3571 alia
722 3528 1059 3573 structurae
1105 3539 1230 3576 non
1273 3519 1541 3598 jungitur
1552 3543 1571 3595 3
1622 3520 1826 3600 quoad
1869 3520 1952 3577 al-

88 3607 277 3652 teram
329 3594 562 3658 fructus
627 3595 1088 3656 distinctionem
1147 3600 1396 3679 majoris
1456 3622 1786 3681 sanequam
1827 3624 1958 3661 mo·
