2163 3852
717 52 1021 104 Lxcnnnns.
1059 51 1328 102 Gmmxs.
1894 56 1964 109 75

86 211 343 276 detegere
380 202 579 273 possis.
651 201 870 253 Thecae
914 218 1135 270 magnae
1173 198 1824 271 oblongo-cylindricae,
1877 218 1968 253 an-

85 278 250 330 nullis
287 276 586 347 quadratim
621 272 916 323 cellulosis.

225 364 426 415 Crescit
462 361 517 411 in
554 359 812 410 arborum
840 357 1039 409 cortice
1059 375 1230 426 prope
1262 358 1412 410 Pani
1440 353 1671 425 confinis
1702 356 1969 410 Lecideae

76 453 398 504 parasemae
424 450 543 486 var.
579 429 836 481 lilacinae
863 437 915 480 et
951 427 1198 479 Ustaliae
1220 431 1525 500 adspersae.

510 638 556 689 [ι.
600 644 929 685 ananus
985 643 1455 682 nurntcarA.
1489 635 1522 689 †

225 790 321 841 Gr.
360 799 538 839 crusta
593 782 1068 852 subpulverulenta
1105 783 1353 843 cinerea,
1407 782 1709 850 apotheciis
1760 784 1976 834 immer-

95 859 172 910 sis
220 861 433 910 demum
482 855 918 923 emergentibus,
972 853 1346 921 subparallelis
1393 854 1660 904 undulatis
1716 855 1977 921 simplici-

88 929 218 992 bus,
269 929 572 997 perithecio
622 926 798 993 amplo
847 924 996 974 disco
1048 924 1414 986 rimaeformi,
1470 926 1711 992 margine
1747 925 1976 993 proprio

84 1001 301 1070 saepius
340 1000 645 1066 duplicato,
692 995 930 1048 thallode
968 994 1234 1044 subnullo.

224 1070 459 1138 Graphis
496 1067 763 1136 duplicata
794 1067 938 1115 Ach.
973 1062 1110 1135 Syn.
1140 1082 1199 1132 p.
1234 1065 1318 1114 81.

221 1168 305 1213 An
343 1160 506 1209 etiam
545 1156 778 1224 Graphis
814 1154 1040 1206 Lineola
1075 1154 1220 1204 Aclz.
1250 1149 1388 1222 Syn.
1412 1170 1469 1219 p.
1496 1147 1611 1203 80?

225 1248 448 1300 Thallus
489 1258 799 1298 crustaceus
831 1243 1013 1311 junior
1042 1243 1261 1312 quidem
1280 1240 1794 1308 subcartilagineus‚
1835 1239 1983 1291 adul-

86 1318 201 1371 tior
216 1338 346 1372 vero
375 1319 782 1389 pulverulentus
821 1326 876 1365 et
910 1313 1273 1364 subtartareus
1295 1348 1308 1373 ,
1347 1310 1454 1360 late
1489 1310 1724 1373 effusus,
1763 1311 1818 1360 in
1851 1328 1983 1362 con·

85 1390 219 1442 finio
253 1391 412 1460 nigro
432 1390 755 1450 -limitatus,
795 1385 1004 1434 demum
1032 1383 1345 1433 fuscescens
1381 1393 1433 1430 et
1465 1397 1809 1443 evanescens,
1840 1399 1980 1431 mar-

91 1462 275 1528 ginem
316 1457 986 1524 albido-pulverulentum
1032 1454 1176 1503 circa
1212 1450 1495 1518 apothecia
1536 1452 1662 1500 hinc
1702 1469 1984 1521 emergen-

88 1531 165 1582 tia
197 1531 459 1581 denudata
490 1528 823 1596 relinquens.
895 1523 1196 1590 Apothecia
1235 1538 1355 1571 cum
1397 1522 1619 1572 corticis
1641 1520 1857 1572 fibrinis
1894 1541 1985 1572 ru·-

90 1602 285 1671 gisque
335 1611 648 1652 constanter
696 1593 1162 1665 longitudinaliter
1209 1602 1337 1654 (nec
1388 1592 1845 1656 transversaliter)
1892 1611 1986 1660 pa-

87 1671 312 1735 rallela‚
366 1669 693 1721 rectiuscula
730 1679 784 1718 et
821 1661 1390 1724 undulato-flexuosa,
1430 1662 1797 1731 magnitudine
1835 1665 1988 1714 valde

93 1743 273 1804 varia,
330 1739 749 1809 punctisormia,
801 1736 1041 1803 elliptica
1089 1746 1143 1784 et
1194 1734 1474 1801 elongata,
1530 1751 1798 1802 nunquam
1853 1751 1987 1785 vero

89 1812 430 1864 latitudinem
459 1811 514 1875 (3
530 1809 823 1874 linearum)
847 1808 1161 1858 annulorum
1184 1804 1402 1855 corticis
1423 1803 1574 1854 rimis
1609 1806 1984 1855 transversali-

88 1882 188 1934 bus
220 1884 597 1934 distinctorum
629 1879 968 1948 superantia,
1011 1875 1232 1946 gracilia
1264 1874 1350 1924 vel
1381 1875 1663 1924 crassiora.
1735 1875 1987 1925 Perithe·

92 1954 237 2005 cium
267 1953 322 2003 in
349 1953 694 2005 brevioribus
734 1949 1028 2019 praecipue
1079 1945 1671 2013 depresso-dilatatum
1705 1947 1787 1995 vel
1820 1947 1885 1995 ad
1913 1947 1989 1996 la·

94 2035 211 2076 tera
247 2024 628 2084 incrassatum,
668 2021 786 2072 basi
816 2030 1149 2087 angustatum
1185 2033 1564 2085 nonnunquam
1598 2016 1983 2084 subintegrum‚

94 2106 250 2163 parte
290 2095 574 2163 superiore
623 2093 939 2143 tenuissima
976 2088 1247 2148 flexuosa,
1296 2086 1423 2135 hinc
1475 2087 1686 2154 singulo
1729 2089 1810 2136 vel
1849 2087 1992 2138 binis

98 2166 264 2216 sulcis
299 2177 515 2229 notata3
557 2180 695 2232 quae
735 2163 944 2213 formae
978 2160 1156 2212 variae
1182 2159 1237 2208 in
1277 2157 1398 2207 aliis
1426 2158 1813 2225 speciminibus
1845 2175 1991 2208 com-

96 2237 297 2287 mixtae
339 2247 498 2295 sunt,
539 2236 594 2283 in
631 2233 750 2283 aliis
788 2251 891 2282 una
929 2232 1163 2280 alterave
1203 2228 1463 2290 collecta,
1514 2246 1639 2278 mox
1693 2229 1992 2278 characteri

100 2306 490 2374 Graphidis
568 2303 974 2369 duplicatae
1038 2300 1233 2361 Aah„
1300 2315 1454 2358 mox,
1512 2298 1721 2348 simodo
1774 2299 1990 2349 thallum

93 2377 427 2428 albissimum
457 2374 730 2441 excipias,
790 2375 896 2424 Gr.
936 2371 1257 2420 lineolae
1298 2368 1539 2434 ejusdem
1577 2369 1991 2434 respondentes,

96 2465 228 2517 quas
257 2446 436 2497 ambas
480 2463 547 2495 ex
579 2443 828 2495 America
867 2440 1120 2492 oriundas
1151 2439 1213 2489 ad
1248 2439 1662 2506 Opegrapha
1684 2456 1711 2486 e
1750 2439 1992 2490 habitum

95 2518 394 2578 accedere,
450 2515 754 2584 perithecia
809 2530 939 2563 vero
977 2512 1191 2560 infexne
1232 2508 1466 2559 deficere
1505 2509 1753 2559 observat
1806 2523 1996 2562 auctor

94 2588 198 2639 cel.
237 2588 455 2639 Thecae
509 2585 835 2652 cylindricae
872 2596 1124 2650 angustae
1163 2581 1449 2649 quinquies
1486 2580 1548 2629 ad
1598 2579 1859 2632 undecies
1905 2600 1996 2632 an-

90 2659 340 2719 nulatae,
391 2657 610 2726 plures,
662 2656 739 2704 uti
791 2653 1035 2715 videtur,
1079 2654 1218 2703 ascis
1256 2652 1509 2702 inclusae.

238 2744 441 2796 Crescit
478 2745 532 2794 in
572 2742 773 2794 cortice
808 2742 1066 2793 arborum
1099 2758 1271 2811 prope
1290 2737 1545 2801 Bahiam,
1584 2733 1815 2803 confinis
1832 2737 1994 2791 Lelo-

93 2816 390 2887 grammati
425 2815 690 2866 umbrino.

236 2906 481 2957 Adnot.
558 2902 989 2972 Opegrapha
1044 2901 1339 2967 elegans
1377 2900 1560 2967 (Engl.
1599 2900 1710 2951 bot.
1751 2902 1871 2952 Vol.
1914 2902 1997 2954 26.

94 2975 206 3028 tab.
265 2988 412 3035 1812.
467 2978 557 3027 Gr
578 2974 784 3042 aphis
823 2974 1006 3036 Ach.)
1046 2971 1352 3040 perithecio
1385 2971 1602 3038 quidem
1649 2972 1903 3023 similiter
1941 2991 2001 3023 ac

25 3098 32 3108 ,
96 3058 291 3098 nostra
327 3047 579 3115 utrinque
617 3045 822 3096 sulcato
860 3044 953 3093 sed
991 3053 1253 3093 structura
1290 3043 1506 3091 omnino
1531 3041 1739 3092 diversa
1765 3044 1999 3112 gaudere

97 3118 349 3178 videtur,
391 3134 508 3168 cum
542 3117 599 3165 in
649 3117 854 3166 nostris
882 3114 1244 3181 perithecium
1277 3130 1545 3180 nunquam
1593 3130 1750 3180 supra
1795 3115 1997 3164 incras-

102 3201 272 3239 satum
309 3198 412 3241 est.
485 3187 598 3238 Cfr.
638 3197 920 3254 praeterea
960 3185 1103 3235 infra
1146 3182 1581 3250 Graphidem
1620 3185 1931 3234 auritam.

272 3293 381 3342 Gr.
451 3287 858 3357 duplicata?
929 3286 1448 3355 bimarginata3
1493 3299 1522 3352 -1-
1594 3298 1770 3336 crusta
1852 3287 1999 3337 tenui

98 3360 606 3411 submembranacea
656 3359 838 3409 albido
868 3387 889 3399 ·
919 3358 1106 3426 glauca
1152 3357 1311 3424 nigro
1335 3384 1356 3395 -
1383 3355 1642 3415 limitata,
1695 3356 1994 3424 apotheciis

103 3430 476 3482 subimmersis
509 3429 782 3498 depressis
814 3429 1136 3497 gracilibus,
1193 3426 1643 3495 punctiformibus
1681 3438 1733 3476 et
1773 3426 1993 3477 lineari-

105 3500 205 3555 bus
226 3537 240 3565 ,
304 3499 558 3554 flexuosis
580 3536 594 3564 ,
646 3499 982 3572 simplicibus
1043 3498 1401 3568 furcatisque,
1450 3496 1773 3565 cuspidatis2
1828 3497 2001 3549 utrin-
