2163 3852
709 115 1016 163 Lmnumzs.
1074 114 1386 163 PAmnEmA.
1889 113 1991 166 201

256 260 455 312 Crescit
490 262 543 311 in
581 259 824 310 Brasilla
861 259 1142 330 (Meyer).

255 359 398 407 Adn
423 370 505 409 ot.
578 360 657 408 An
693 357 792 406 hac
832 357 964 408 duae
1004 357 1214 423 species
1254 358 1376 407 satis
1423 375 1452 406 a
1508 374 1564 407 se
1600 355 1832 407 invicem
1887 353 1995 405 dis-

113 428 317 478 tinctae
352 429 485 491 sint,
527 428 814 479 secundum
854 429 1131 495 diagnosin
1170 427 1386 476 dubium
1426 428 1524 477 est.

524 610 593 651 17.
651 615 1039 652 PARMELIA
1123 613 1582 651 LAEVIGATA.

253 740 315 786 P.
354 737 515 786 thallo
557 737 894 788 orbiculatim
944 739 1149 789 radiato
1187 738 1682 787 lineari-laciniam
1729 736 1997 803 laevigato

116 807 317 874 pallide
359 810 753 869 cinerasccnte,
795 810 980 859 subtus
1019 808 1482 867 atro-{ibrilloso,
1539 808 1746 856 laciniis
1797 808 1997 855 inciso-

115 876 387 925 multifidis
429 879 649 927 sinuatis
690 879 997 929 divaricatis
1037 890 1340 928 extrorsum
1380 877 1696 939 latioribus,
1747 876 1999 945 ,scutella-

109 966 228 997 rum
266 947 415 996 disco
453 948 714 1009 brunnen,
759 951 998 1018 margine
1037 949 1184 999 tenui
1223 948 1617 1016 integerrimo.j

248 1044 453 1094 Lichen
473 1044 802 1164 5laevigatus
855 1059 908 1096 et
959 1046 1241 1107 sinuosus,
1296 1042 1466 1112 Engl.
1515 1043 1625 1094 bot.
1677 1041 1785 1093 tab.
1847 1042 1996 1093 1852.

315 1122 363 1163 et
403 1131 468 1164 20
509 1133 556 1165 o.

250 1211 515 1262 Parmelia
554 1210 818 1279 laevigata
857 1223 910 1262 et
949 1212 1180 1273 sinuosa,
1220 1208 1362 1261 Ach.
1399 1212 1532 1278 Syn.
1575 1227 1628 1276 p.
1660 1225 1777 1259 212.
1803 1216 1852 1257 et
1875 1225 1997 1275 207.

256 1308 524 1358 Parmelia
562 1308 849 1374 pulvinata,
893 1306 1015 1370 Fe'e,
1056 1307 1089 1357 l.
1131 1327 1175 1357 c.
1208 1327 1265 1375 p.
1314 1308 1424 1359 123.
1465 1307 1572 1356 lab.
1613 1306 1696 1357 32.
1724 1299 1836 1369 fig.
1884 1324 1929 1357 ι.

252 1403 453 1454 Crescit
505 1404 558 1453 in
605 1403 816 1472 Anglia
869 1414 918 1453 et
956 1405 1113 1454 Nova
1165 1403 1360 1455 Scolia.
1421 1404 1563 1456 Ach.
1618 1401 1833 1469 (planta
1876 1397 2000 1449 Fe'ei

110 1475 186 1524 ad
225 1473 527 1524 Cinchonas
566 1474 618 1523 in
659 1474 915 1524 America
951 1475 1338 1538 meridionali).

244 1574 306 1622 P.
346 1570 741 1637 laevigata,
808 1572 1040 1621 bifida
1084 1574 1153 1635 †;
1206 1572 1372 1622 thallo
1413 1569 1755 1621 orbiculatim
1796 1566 1998 1618 diffuso

107 1641 605 1692 lineari-laciniam
669 1643 1219 1708 glauco-virescente
1260 1643 1440 1692 subtus
1491 1641 1610 1691 albo
1659 1639 1998 1696 nudiusculo‚

113 1713 326 1762 laciniis
365 1711 757 1761 sublinearibus
797 1712 1061 1779 elongatis
1100 1712 1278 1762 bifidis
1317 1712 1536 1769 incisis,
1588 1710 1739 1777 apice
1792 1707 1997 1759 obtusis

111 1783 470 1850 emarginatis,
514 1781 754 1832 scutellis
793 1784 966 1850 planis
1005 1784 1292 1851 depressis,
1330 1783 1482 1833 disco
1510 1782 1699 1843 fusco,
1756 1779 1997 1849 margine

108 1852 466 1905 crassiusculo
509 1852 799 1904 crenulato.

244 1950 469 2021 Thallus¹
509 1950 614 1998 late
669 1959 950 2012 extensus,
1002 1951 1512 2018 plano-expansus,
1575 1959 1719 1998 totus
1755 1947 1996 2017 {quantus

106 2020 306 2070 muscis
344 2019 579 2068 adnatus.
652 2020 907 2069 Laciniae
946 2020 1273 2073 sublineares
1313 2021 1532 2070 omnino
1585 2019 1869 2079 discretae,
1909 2018 1998 2070 vix

105 2108 135 2142 e
175 2102 361 2140 centro
390 2090 677 2150 radianteS‚
721 2091 1017 2158 elongatae,
1059 2104 1327 2159 angustae,
1368 2091 1454 2142 vix
1493 2108 1651 2139 unam
1686 2089 1883 2137 lineam
1920 2088 1995 2136 la-

102 2172 216 2220 tae,
256 2161 409 2228 apice
446 2160 670 2210 latiores
709 2160 927 2210 obtusae
985 2164 1374 2229 emarginatae,
1437 2159 1786 2211 sorediferae.
1865 2159 1996 2207 Scu-

82 2231 265 2281 .tellae
304 2230 631 2291 rarissimae,
687 2231 951 2294 minutae3
1017 2234 1316 2298 excipulum
1373 2232 1584 2299 planum
1643 2230 1992 2296 adpressum,

104 2301 308 2351 ambitu
373 2311 553 2348 tamen
604 2301 778 2351 libero
842 2313 894 2351 et
965 2314 1152 2352 centro
1209 2315 1410 2351 tantum
1480 2300 1732 2361 affixum3
1817 2299 1997 2348 discus

102 2371 291 2439 planus
328 2371 541 2433 fuscus;
581 2389 763 2437 margo
804 2371 1015 2420 demum
1054 2373 1372 2423 crenulatus.
1412 2402 1479 2409 —
1553 2369 1860 2436 Specimina
1892 2368 1993 2417 alia

104 2441 310 2492 sterilia
349 2441 553 2500 adsunt,
606 2442 768 2491 thallo
806 2442 1108 2491 luxuriante
1149 2461 1176 2493 e
1215 2443 1423 2492 laciniis
1461 2440 1807 2491 brevioribus
1848 2438 1995 2487 loba-

104 2512 176 2560 tis
216 2510 543 2561 difformiter
581 2511 767 2561 incisis
807 2513 860 2560 in
899 2514 1138 2580 margine
1179 2511 1626 2578 prolificantibuS,
1685 2511 1871 2579 ibique
1910 2508 1994 2558 fo-

101 2581 230 2632 liola
270 2582 489 2649 copiosa
529 2581 744 2630 demum
783 2596 1036 2650 congesta
1074 2583 1345 2649 pulvinata
1384 2581 1714 2650 gerentibus.

241 2675 441 2727 Crescit
480 2676 534 2727 in
572 2677 767 2728 muscis
804 2688 856 2729 et
891 2679 963 2728 ad
985 2674 1206 2744 filicum
1244 2679 1455 2730 radices
1491 2686 1736 2745 repentes
1772 2675 1828 2725 in
1864 2691 1992 2742 pro-

99 2746 279 2798 vincia
318 2747 514 2797 Minas
553 2747 770 2798 Get-aiis.

240 2845 483 2896 Adnot.
558 2848 620 2897 P.
683 2846 1064 2914 pulvinata
1132 2842 1271 2897 Fee
1329 2846 1518 2906 citata,
1592 2863 1743 2914 quam
1788 2848 1991 2894 Auctor

99 2915 220 2982 ipse
274 2920 332 2965 P.
392 2916 730 2967 sinuosae
783 2917 940 2967 Ach.
1005 2916 1217 2968 affinem
1273 2917 1433 2976 dicit,
1474 2917 1765 2983 praecipue
1804 2912 1992 2964 differt

99 2985 267 3035 thallo
309 2985 493 3036 subtus
530 2998 832 3037 tomentoso
871 2990 1182 3055 spongioso‚
1239 2989 1383 3055 quod
1421 3003 1548 3037 vero
1606 2987 1660 3034 in
1699 2985 1781 3033 his
1832 2986 1990 3032 Par-

98 3055 334 3105 meliis
385 3055 675 3108 subliberis
725 3069 831 3107 tam
879 3058 1187 3108 inconstans
1250 3057 1536 3117 habemus,
1593 3068 1651 3106 ut
1699 3053 1990 3123 nequidem

99 3125 334 3194 plantam
392 3138 628 3176 nostram
683 3128 751 3177 ob
799 3128 1044 3195 paginam
1094 3128 1335 3196 supinam
1401 3128 1594 3176 nudam
1645 3144 1744 3192 pro
1804 3124 1988 3189 specie

99 3195 437 3264 distinguere
476 3199 587 3246 ausi
623 3197 812 3258 simus,
850 3198 1071 3248 simulac
1107 3217 1207 3249 nec
1244 3202 1612 3248 Borreram
1654 3195 1988 3245 ciliarem

96 3265 231 3316 Ach.
270 3285 298 3315 a
335 3267 690 3318 Par-melia
728 3269 1099 3318 ulothrice
1153 3269 1413 3335 ejusd.,
1467 3285 1566 3318 nec
1622 3269 1682 3315 P.
1741 3264 1985 3314 stella-

98 3352 245 3385 rem
283 3355 310 3386 a
348 3338 405 3385 P.
444 3339 970 3403 pulverulenta
1019 3339 1375 3390 distinximus.
1448 3336 1643 3386 Affinis
1704 3347 1984 3403 praeterea

97 3417 283 3456 nostra
316 3408 377 3456 P.
418 3407 750 3473 saxatili,
791 3409 887 3462 sed
926 3408 1240 3478 superficies
1291 3427 1399 3462 non
1444 3407 1729 3462 reticulata
1766 3417 1820 3457 et
1854 3419 1982 3472 apo-

95 3474 278 3529 thecia
315 3477 541 3534 diversa.
