2163 3852
155 95 282 154 ,278
776 77 1080 138 Licunus,
1148 88 1449 156 Granouas.
1483 106 1503 118 ⁸
1526 107 1537 117 ’

186 256 424 301 corneo,
475 237 540 289 ab
588 235 709 287 aliis
763 235 1129 287 Cladoniis
1166 237 1451 298 recedant,
1491 237 1546 286 in
1577 237 1853 304 proprium
1888 255 2059 307 genus

186 311 441 378 redigere
477 306 562 357 vel
607 322 726 355 cum
776 305 1134 357 Dufourea
1181 307 1334 356 Ach.
1385 319 1587 375 genere
1634 307 1881 374 ambiguo
1930 309 2058 372 (cfr.

187 399 346 448 supra
380 380 555 428 adnot.
590 376 656 425 ad
689 376 902 443 generis
941 376 1298 426 characterem
1337 394 1389 443 p.
1431 375 1575 438 261.)
1625 376 1952 443 conjungere
1993 395 2061 429 eo

170 444 364 501 'minus
420 448 696 513 hucusque
753 448 1037 507 convenit,
1109 461 1225 494 cum
1295 446 1574 513 apothecia
1628 446 1756 496 talia
1815 458 2062 498 excavata

185 520 405 571 minima
440 517 497 565 in
533 514 779 581 pluribus
815 534 1029 584 quoque
1062 515 1319 565 sectionis
1350 515 1725 583 praecedentis
1759 517 2062 583 speciebus3

151 587 234 641 “*si
270 585 606 655 perspicillio
643 586 868 643 lustras,
926 585 1171 634 invenies
1208 587 1369 652 (quae
1406 585 1587 636 forsan
1623 603 1723 652 pro
1766 586 2062 651 apotheciis

187 657 445 709 abortivis
496 655 738 704 habenda
778 657 956 719 sunt),
1007 656 1168 704 immo
1207 672 1583 724 nonnunquam
1627 655 1909 723 apothecia
1956 674 2065 706 ma·

185 729 302 796 jora
338 724 671 775 disciformia
719 736 774 775 et
816 725 1106 794 marginata
1157 725 1211 785 in
1251 724 1614 777 Cladoniis‘
1653 725 1925 800 indigenis
1972 742 2065 782 oc-

184 808 419 849 currunt.

329 891 522 966 Quoad
547 890 773 940 formam
808 891 1210 958 apotheciorum
1248 891 1492 958 proxime
1528 891 1616 942 cl.
1658 902 2067 960 aggregatae

186 963 398 1013 accedit
448 961 796 1011 Dufourea
849 972 1159 1011 tortuosa
1206 962 1378 1011 Nees
1431 962 1507 1012 ab
1559 963 1803 1012 Esenb.
1854 959 2066 1027 (Horae

185 1029 373 1081 Berol.
428 1049 485 1096 ρ.
522 1030 608 1090 43.
656 1032 764 1078 tab.
798 1032 850 1081 5.
887 1024 1000 1097 fig.
1034 1033 1110 1092 α.)
1163 1048 1298 1098 quae
1349 1031 1588 1097 margine
1648 1032 1882 1083 thallode
1940 1051 2067 1100 gau-

188 1101 320 1151 dere
357 1118 467 1150 non
516 1101 763 1159 videtur,
833 1099 901 1150 ob
953 1101 1103 1150 thalli
1164 1111 1401 1150 naturam
1438 1118 1567 1153 vero
1606 1116 1727 1156 cum
1763 1102 2064 1161 Liehene

186 1169 800 1237 madreporiformi
838 1169 966 1235 (cfr.
1007 1187 1163 1238 supra
1194 1170 1372 1221 adnot.
1410 1189 1465 1237 p.
1503 1169 1649 1234 261.)
1696 1171 1754 1220 in
1791 1174 2067 1240 propriam

186 1243 481 1291 sectionem
533 1239 836 1305 colligenda
871 1240 957 1291 vel
1006 1241 1071 1290 ad
1108 1239 1325 1307 primam
1362 1240 1644 1292 referenda
1678 1253 1787 1303 est,
1837 1242 2069 1294 caeteris

184 1312 593 1365 Dufoureae
657 1310 814 1360 Ach.
884 1311 1170 1376 speciebus
1232 1311 1295 1360 ad
1366 1312 1784 1361 Parmeliam
1846 1312 2065 1375 relatiS,

187 1381 339 1446 cujus
389 1379 661 1448 propriam
709 1380 1044 1431 constituunt
1094 1381 1421 1441 sectionem,
1483 1382 1639 1433 novis
1689 1382 2071 1432 accedentibus

186 1451 473 1519 speciebus
540 1467 648 1500 non
718 1450 1005 1517 descriptis
1029 1486 1042 1512 ,
1131 1466 1186 1500 ut
1249 1451 1598 1510 Parmelia
1655 1453 2069 1525 (Dufourea)

186 1521 486 1590 digitata
536 1521 601 1580 N.
640 1536 671 1577 e
709 1535 822 1588 cap.
861 1521 914 1571 b.
954 1521 1071 1589 spei
1108 1518 1301 1586 (Hm-b.
1340 1518 1610 1588 Zeilperi).

543 1707 615 1748 ll·
673 1711 1055 1751 CLADONIA
1140 1713 1620 1752 AGGREGATA.

328 1824 408 1875 cl.
438 1823 672 1891 podetiis
700 1824 1066 1892 cartilagineis
1097 1821 1337 1875 flexuoso
1358 1856 1374 1867 ·
1399 1826 1597 1876 erectis
1622 1824 1880 1876 fistulosis
1899 1842 2072 1877 ramm-

189 1894 414 1946 sissimis
450 1894 639 1943 nitidis
670 1894 1231 1947 alutaceo-virentibus
1263 1895 1472 1945 demum
1506 1895 1867 1946 subcastaneis
1903 1896 2073 1965 magis

190 1967 432 2015 minusve
475 1964 901 2014 subreticulatim
937 1966 1205 2031 pertusis‚
1253 1966 1415 2014 ramis
1453 1966 1778 2034 ramulisque
1826 1964 2073 2017 dichoto-

191 2037 290 2085 mis
331 2035 658 2086 abbreviatis
695 2035 1021 2101 patentibus,
1061 2035 1365 2103 apotheciis
1396 2036 1621 2087 minutis
1653 2035 2068 2103 subcorymbose

189 2105 491 2174 aggregatis
531 2105 797 2155 excavatis
835 2107 1145 2175 marginatis
1182 2106 1369 2156 fuscis.
1850 2109 1853 2112 ’

331 2202 586 2254 Cladonia
637 2214 957 2270 aggregata,
1032 2200 1264 2255 Swarlz.
1316 2199 1403 2251 ΡΙ.
1456 2199 1575 2252 lnd.
1628 2201 1793 2251 occid.
1842 2199 1952 2253 III.
2014 2219 2070 2269 p.

408 2273 558 2338 1915.
598 2301 666 2309 —-
704 2271 895 2331 Ejnsd.
934 2270 1093 2322 Liclz.
1137 2273 1354 2332 omerio,
1398 2290 1451 2340 ρ.
1503 2291 1578 2339 ¹7·
1627 2274 1736 2321 tab.
1791 2267 2068 2353 XII.fig.

403 2359 450 2393 2.
491 2342 615 2404 (nec
650 2339 882 2406 Flarlae,
922 2352 1203 2394 comment.
1251 2360 1408 2403 nova.
1458 2362 1511 2409 J)-
1560 2344 1701 2408 v170.)

331 2440 633 2504 Cenomyce
671 2440 1072 2503 Cornicularia,
1121 2437 1302 2490 Lazzr.
1342 2436 1503 2488 Her-b..
1544 2435 1684 2501 Sieb.

333 2536 632 2600 Cenomyce
669 2535 975 2598 terebrata,
1025 2536 1192 2604 ejusd.
1231 2536 1286 2586 in
1324 2534 1606 2600 Limnaeo,
1647 2534 1721 2592 II.
1766 2553 1825 2602 ρ.
1861 2534 1947 2597 43,

331 2631 585 2681 Cladonia
621 2634 893 2683 terebrata
931 2645 987 2685 ct
1022 2633 1390 2686 Cornicularia
1431 2629 1549 2681 Flk.
1590 2641 1873 2693 comment.
1909 2649 2070 2684 nova.

397 2720 453 2767 ρ.
499 2720 592 2769 ¹79
630 2711 679 2752 el
725 2705 837 2753 180.

334 2799 664 2931 ΡγὸοηῖέῙιΕΙθ
699 2799 974 2868 retipora‚
1040 2797 1176 2865 Fe'e,
1229 2800 1263 2850 I.
1318 2818 1364 2850 c.
1404 2798 1597 2850 ints-od.
1637 2797 1908 2852 XCVIII.
1963 2798 2074 2851 tab.

440 2905 450 2915 .
549 2887 603 2931 g.
641 2887 694 2937 9.
848 2905 855 2911 -

335 2963 511 3012 Thalli
548 2965 691 3014 nulla
737 2980 995 3033 apparent
1030 2967 1257 3035 vestigia
1292 2985 1361 3019 ne
1414 2967 1629 3035 quidem
1671 2969 1728 3018 in
1767 2967 2076 3036 specimini-

196 3032 295 3082 bus
329 3033 632 3100 junioribus
672 3036 939 3097 minimis,
990 3055 1126 3105 quae
1172 3039 1287 3088 basi
1325 3056 1416 3089 sua
1454 3037 1741 3088 dilacerata
1784 3038 1982 3089 muscis
2020 3049 2076 3088 et

195 3104 627 3170 Jungermanniis
666 3118 811 3156 arcte
850 3106 1146 3168 inhaerent,
1189 3109 1284 3171 <nc
1313 3107 1603 3174 specimina
1644 3109 1919 3178 sequentis
1954 3125 2078 3175 spe-

197 3173 306 3222 ciei
354 3173 548 3223 dubiae
584 3176 885 3239 praesentis
937 3178 1232 3243 caespitulo
1289 3179 1524 3228 immixta
1574 3178 1677 3228 huc
1726 3178 2076 3245 pertineant.)

194 3242 423 3292 Podetia
460 3243 526 3293 ab
559 3242 720 3294 initio
757 3245 1013 3306 fistulosa,
1051 3247 1261 3313 juniora
1299 3248 1592 3316 gracillima
1627 3249 1746 3299 fere
1782 3247 2077 3308 filisormiffi

194 3313 574 3372 teretiuscula‚
625 3315 838 3381 saepius
894 3315 1101 3384 integra
1137 3318 1538 3384 (impersorata)
1591 3317 1911 3369 foraminum
1955 3319 2079 3368 loco

197 3381 649 3447 impressionibus
696 3385 814 3446 (ubi
866 3387 1159 3437 substantia
1205 3389 1411 3455 podetii
1451 3389 1664 3439 tenuior
1713 3388 1924 3438 demum
1959 3405 2080 3439 eva·

195 3452 398 3517 nescit)
435 3464 652 3517 notata3
692 3454 954 3506 adultiora
993 3459 1217 3509 semi-ad
1236 3459 1523 3510 biuncialia
1545 3458 1903 3528 inaequaliter
1936 3457 2081 3511 lacu-
