2163 3852
155 228 225 278 22
871 224 1075 274 Accua.
1148 227 1317 275 ULvA.

163 385 251 425 aut
279 373 576 425 Corallinas
608 374 855 442 expansis
885 372 1282 423 sub÷enacihus.
1385 373 1623 441 Stipes
1658 372 1786 424 inde
1819 375 2052 442 erigitur

162 445 373 503 brevis,
441 463 561 494 mox
594 444 648 492 in
679 455 951 510 segmenta
981 443 1206 508 plurima
1235 442 1420 494 abiens
1440 481 1453 504 ,
1519 461 1656 512 quae
1686 445 1863 495 omnia
1897 444 2056 493 simul

161 527 327 565 sumta
347 525 434 564 aut
451 512 976 565 subssabellisormem
997 514 1559 581 circumscriptionem
1575 526 1664 564 aut
1682 514 2059 582 irregulariter

162 585 444 652 oblongam
475 583 758 646 exhibent,
799 586 921 650 lege
949 583 1328 648 dichotomiae,
1358 595 1437 634 ast
1463 583 1603 634 haud
1631 585 1705 635 ita
1731 584 2060 653 regulariter

163 656 359 713 divisa,
417 655 637 704 sinubus
668 656 813 704 inter
845 666 1116 722 segmenta
1148 654 1468 722 plerumque
1501 653 1712 705 obtusis
1747 666 1835 705 aut
1870 666 2060 705 rotun·
2088 714 2090 717 ξ

161 726 319 775 datis.
392 728 548 775 Ram
570 725 668 774 uli
705 725 1046 793 suboppositi
1078 742 1107 774 e
1138 724 1253 774 basi
1289 725 1582 775 sublineari
1629 742 1838 776 sursum
1870 742 2060 792 parum

161 795 400 854 dilatati,
450 795 626 843 ultimi
656 796 836 845 obtusi
866 808 953 845 aut
983 795 1256 844 rotundati
1293 806 1455 863 atque
1483 808 1537 846 ut
1570 796 1857 862 plurimum
1889 812 2063 846 emar·

160 866 332 933 ginati
363 876 451 914 aut
483 865 673 914 bilobi.
758 867 918 916 Sori
954 865 1179 932 cllipiici
1212 866 1265 914 in
1296 867 1589 934 segmentis
1617 866 1926 932 junioribus
1950 865 2062 916 fre·

164 935 481 1006 quentiores
521 948 680 1004 atque
730 939 892 1003 saepe
936 937 1183 1004 quaterni
1223 936 1444 1004 quinive
1473 936 1823 987 transversim
1854 936 2062 996 serini,

162 1017 244 1056 ast
277 1025 574 1073 nunquam,
642 1005 719 1056 uti
757 1007 810 1055 in
845 1006 1105 1059 Zonaria.
1191 1006 1244 1057 in
1287 1007 1454 1057 lineas
1512 1006 1886 1057 concentricas
1938 1024 2066 1056 con-

162 1074 413 1135 fluentes,
456 1087 699 1125 constant
721 1076 980 1144 congerie
1007 1076 1461 1145 gongylorum
1499 1077 1861 1145 cllipticorum
1892 1076 2063 1126 limbo

165 1147 317 1196 tenui
355 1145 626 1211 pellucido
659 1147 990 1203 (tinctorum,
1035 1165 1262 1215 quorum
1295 1147 1349 1196 in
1385 1147 1578 1216 quovis
1612 1165 1738 1198 soro
1771 1146 1957 1198 decem
1998 1148 2066 1197 ad

165 1216 478 1286 quindecim
514 1216 808 1269 numeravi.
908 1216 1216 1268 Substantia
1257 1218 1486 1283 partium
1528 1218 1737 1268 frondis
1780 1217 2062 1268 inferioris

160 1288 590 1356 subpergameno
620 1318 640 1326 -
666 1286 1067 1338 membranacea
1088 1325 1101 1349 ‚
1172 1287 1476 1356 superioris
1525 1299 1717 1340 tenero
1745 1318 1766 1328 -
1798 1289 2062 1339 membra-

159 1374 346 1408 nacea.

296 1425 363 1477 In
404 1423 778 1494 Soteropoleos
809 1435 974 1496 portu
1013 1426 1138 1497 legi.

689 1542 734 1585 6-
800 1548 989 1586 ULvA
1045 1547 1522 1586 n1c110'r0MA.

296 1621 359 1669 U.
399 1618 593 1667 fronde
634 1619 1235 1670 olivaceo-vircscente
1288 1623 1693 1669 membranacea
1741 1618 2063 1676 dichotoma,

163 1689 453 1755 segmentis
495 1689 791 1740 linearibus
830 1691 1028 1740 erectis
1066 1690 1386 1760 angulisque
1435 1690 1800 1740 dichotomiae
1838 1689 2066 1750 obtusis,

163 1760 317 1827 apice
358 1758 658 1809 suhhifidis.

300 1849 532 1898 Zonaria
570 1848 910 1912 dichotoma,
974 1848 1089 1918 Ag.
1134 1846 1285 1917 SpeC.
1322 1846 1369 1899 I.
1417 1848 1528 1900 131.
1575 1845 1721 1904 Srsl.
1763 1847 1882 1899 266.
1944 1850 2061 1912 (ex-

371 1916 520 1967 cluso
540 1936 642 1985 syn
653 1936 741 1972 on.
768 1915 1076 1988 Dictyolae
1090 1916 1572 1988 Barlayresianae
1593 1908 1884 1984 Lamour„
1923 1937 2065 1987 quae

366 1988 535 2056 sequit
545 1992 654 2052 ur.)

306 2072 457 2131 Ulva,
497 2071 670 2142 Engl.
710 2071 842 2124 Rot.
897 2083 932 2122 t.
974 2084 1095 2137 774.

300 2164 608 2212 Frondes
660 2179 688 2212 e
749 2164 865 2213 basi
926 2181 1087 2229 parva
1148 2172 1349 2213 scutata
1409 2179 1551 2212 nunc
1603 2161 1879 2212 solitariae
1923 2178 2065 2211 nunc

161 2231 375 2298 plures,
437 2234 571 2282 duos
612 2233 672 2282 ad
712 2245 836 2283 octo
873 2234 1100 2299 pollices
1133 2233 1299 2291 altae,
1340 2233 1578 2283 tenuiter
1608 2231 2066 2291 membranaceae,

163 2301 533 2358 dichotomae,
604 2305 899 2368 segmentis
936 2321 1143 2353 sursum
1188 2303 1558 2368 spectantibus
1602 2303 1900 2352 linearibus
1935 2303 2063 2351 (luas

163 2372 229 2420 ad
279 2374 520 2441 quinque
566 2374 735 2422 lineas
778 2374 902 2423 latis
946 2391 1133 2424 versus
1176 2373 1480 2423 divisiones
1521 2373 1787 2435 dilatatis,
1841 2371 2063 2423 sinubus

163 2442 487 2492 divisionum
526 2445 846 2496 rotundatis.
924 2446 1205 2494 Structura
1240 2444 1482 2496 frondis:
1528 2461 1557 2493 e
1599 2444 1809 2493 cellulis
1839 2443 2072 2511 subqua-

165 2511 349 2562 drato-
370 2514 638 2580 oblongis,
679 2516 971 2564 substantia
1005 2514 1279 2566 colorante
1307 2515 1360 2564 in
1391 2514 1619 2563 lineolas
1648 2513 1910 2580 disposita
1944 2512 2068 2562 sub-

163 2583 471 2650 variegatis.
549 2584 703 2633 Sori
738 2584 1192 2641 suborbiculares,
1225 2602 1323 2649 per
1351 2583 1598 2633 frondem
1631 2584 1819 2648 sparsi,
1861 2584 1916 2632 in
1955 2600 2067 2633 me·

164 2651 251 2702 dia
285 2665 437 2720 parte
482 2653 902 2722 frequentiore&
1005 2654 1304 2723 Gongyli
1345 2653 1611 2723 elliptici‚
1662 2654 1831 2704 limbo
1876 2653 2069 2723 gelati-

163 2723 617 2790 noso·diaphano
651 2724 836 2775 cincti.

302 2809 369 2859 In
406 2811 515 2861 oris
547 2809 825 2862 Brasiliae
847 2811 1078 2881 passim,
1120 2831 1164 2861 e.
1207 2831 1262 2881 g.
1289 2829 1462 2880 prope
1506 2808 1885 2883 Soteropolin,
1935 2809 2067 2862 Ma·

167 2898 499 2949 ragnamzm.

600 3001 643 3041 '7-
711 3003 903 3042 ULVA
962 3002 1620 3040 BARTAYRESIANA.

309 3073 372 3124 U.
431 3072 630 3124 froncle
682 3075 1380 3125 olivac‹›0-suhvirescente
1426 3074 1836 3123 membranacea
1888 3072 2074 3125 dicho-

173 3153 341 3201 mma,
382 3145 682 3211 segmentis
723 3146 1017 3195 linearibus
1056 3146 1363 3196 divaricatis
1404 3144 1612 3196 obtusis
1651 3144 1868 3194 bilobis.

313 3233 540 3282 Zonaria
576 3235 1009 3298 Bartayresiana‚
1058 3233 1172 3302 Ag.
1213 3231 1365 3301 Spem.
1397 3231 1445 3284 I.
1490 3242 1602 3294 ¹40·

307 3321 625 3373 Frondes
663 3324 882 3380 molles,
937 3333 1191 3383 tenerae,
1251 3334 1362 3372 tres
1406 3322 1470 3372 ad
1510 3339 1602 3372 sex
1640 3321 1869 3389 pollices
1911 3319 2065 3381 altae,

169 3389 487 3459 plerumque
546 3393 730 3460 plures
775 3412 804 3444 e
851 3393 966 3443 basi
1020 3393 1172 3442 tenui
1221 3393 1626 3451 subscutellata‚
1715 3391 2068 3457 caespitosae,

171 3458 359 3511 colore
393 3463 567 3513 ferme
605 3463 980 3526 praecedentis
1023 3475 1104 3513 ast
1144 3465 1302 3530 paulo
1338 3464 1511 3512 minus
1544 3462 1894 3512 virescentes.
1936 3462 2070 3527 Seg-

168 3542 346 3580 menta
386 3534 640 3599 primaria
683 3534 1001 3603 sesqui-vel
1048 3535 1174 3582 duas
1234 3534 1402 3583 lineas
1445 3534 1583 3591 lata,
1656 3530 1970 3582 secundaria
2016 3540 2071 3579 et

167 3615 303 3665 quae
339 3618 634 3672 sequuntur
667 3624 821 3654 unam
870 3604 951 3654 vel
996 3603 1304 3663 dimidiam,
1371 3603 1677 3653 dichotoma
1724 3600 1821 3651 sed
1859 3598 2070 3668 angulis

160 3667 456 3724 divaricata
486 3674 721 3744 ideoque
755 3675 860 3726 sibi
891 3676 1113 3728 mult-um
1147 3675 1397 3744 implexa.
1437 3674 1636 3742 Apices
1670 3683 2072 3742 segmentorum
