2163 3852
725 142 1029 191 metmts.
1096 138 1364 188 Lamum.
1879 139 1981 191 245

24 290 32 296 ’
102 294 293 372 Quoad
332 289 642 341 affinitatem
670 306 789 340 cum
823 287 1132 341 Lecidea
1167 285 1571 351 ferruginea
1607 283 1885 350 apothecia
1920 286 1978 335 in

102 363 307 415 cortice
331 360 599 426 posterius
626 361 810 412 citato.
841 376 976 427 quae
1005 357 1169 407 thallo
1197 356 1430 404 insident
1458 354 1676 403 cinereo
1705 353 1980 421 magisque

100 430 387 501 aequabili,
424 429 489 479 ad
511 429 741 496 plantam
777 429 1120 478 domesticam
1154 425 1321 491 magis
1352 423 1780 491 appropinquant
1811 422 1982 472 forma

103 501 337 552 exactius
375 500 599 550 rotunda
622 537 635 561 ,
688 499 741 547 in
775 498 1074 563 junioribus
1112 512 1373 554 concava,
1426 495 1715 560 coloreque
1752 491 1980 542 interio-

103 573 180 621 ris
242 570 564 621 substantiae
587 604 599 626 ,
669 585 805 636 quac
864 568 920 616 in
983 564 1290 616 domesticis
1357 561 1663 627 superficiei
1727 561 1986 613 concolor

102 652 158 691 et
193 640 533 689 cinerescens
573 650 682 696 est,
721 639 893 686 minus
930 637 1087 685 laeto.
1162 635 1447 683 Caeterum
1481 633 1536 680 in
1575 632 1777 682 nostris
1813 647 1984 700 aeque

101 728 160 761 ac
218 709 275 758 in
331 707 639 758 Lecidea
701 707 1115 774 ferruginea
1177 702 1432 752 corticcla
1482 719 1665 768 margo
1722 702 1985 762 thallodes

99 796 167 829 ne
213 779 268 828 in
316 778 484 844 prima
516 777 793 840 juventute
834 776 1047 843 quidem
1092 772 1442 834 observatur-3
1495 788 1558 819 ex
1603 773 1760 820 icone
1804 783 1984 822 tamen

101 850 449 914 citata'patet
485 847 620 897 disci
651 845 943 914 marginem
983 841 1327 894 concolorem
1362 856 1465 907 pro
1500 851 1650 906 parte
1678 858 1707 889 e
1747 841 1986 890 substan-

99 919 171 969 tia
203 917 434 967 thallode
470 918 826 983 compositum
865 933 983 965 esse
1022 912 1248 979 perinde
1282 926 1342 958 ac
1376 911 1430 957 in
1463 910 1639 976 planta
1670 911 1987 971 domestica,

99 988 249 1053 cujus
289 985 450 1036 etiam
482 987 663 1036 thecas
699 985 1095 1037 observavimus
1129 980 1403 1046 simplices
1438 992 1614 1029 ovatas
1650 981 1787 1029 ascis
1816 979 1988 1029 inclu-

102 1075 238 1120 sas,
289 1057 470 1124 quales
526 1057 682 1107 icone
750 1056 907 1105 citata
966 1053 1178 1121 plantae
1228 1050 1563 1100 brasiliensis
1617 1048 1988 1115 repraesenta·

100 1139 186 1178 tae
227 1136 364 1176 sunt.

690 1274 913 1318 SECTIO
959 1274 1017 1316 11.
1088 1270 1398 1316 PYXINE.

248 1387 451 1453 Pyxine
488 1386 678 1447 Fries,
717 1382 803 1434 Pl.
843 1384 1050 1433 hamon.
1088 1402 1142 1449 p.
1183 1381 1299 1448 267.

244 1483 511 1533 Lecideae
551 1494 606 1533 et
640 1484 984 1541 Lecanorae,
1043 1465 1200 1528 ΑοῘι.Γ
1230 1477 1267 1529 l.
1307 1496 1353 1530 c.
1393 1477 1624 1545 species.

244 1579 599 1640 Circinariae‚
641 1576 745 1628 Fe'e
783 1577 819 1629 l.
853 1595 896 1626 c.
934 1576 1166 1642 species.

176 1758 214 1817 d
265 1677 578 1735 Thallus
621 1676 940 1746 foliaceus,
987 1672 1355 1731 imbricatim
1386 1671 1729 1741 laciniatuS,
1777 1672 1986 1731 subtus

105 1781 170 1818 ra
218 1779 405 1819 lcanS.

264 1870 317 1926 A
329 1889 370 1948 p
388 1890 424 1926 ο
443 1882 469 1924 t
483 1868 524 1924 h
540 1887 572 1923 e
589 1867 713 1924 eiu
726 1887 787 1921 m
830 1865 1029 1944 junius
1071 1863 1357 1944 cupularc
1401 1862 1672 1940 margine
1719 1858 1988 1918 thallode

112 1964 425 2030 rumpente
485 1947 795 2006 obtectum
808 1986 826 2015 ,
907 1947 1146 2004 demum
1197 1943 1656 2026 patellaeforme
1710 1941 1985 2001 liberum.

499 2155 546 2195 5·
612 2157 959 2194 LECIDEA
1045 2155 1498 2193 SOREDIATA.
1555 2148 1587 2199 †

243 2274 305 2321 L.
346 2271 504 2321 thallo
545 2267 1205 2321 subcrustaceo-foliaceo
1243 2268 1422 2335 rigido
1452 2266 1698 2316 radiatim
1735 2264 1987 2314 laciniam

104 2343 314 2402 albido,
354 2342 536 2391 subtus
572 2340 1115 2407 nigro—radiculoso,
1156 2338 1369 2387 laciniis
1411 2334 1803 2387 sublinearibus
1855 2334 1991 2383 inci-

105 2414 178 2463 sis
218 2412 506 2462 crenulatis
543 2409 874 2469 imbricatis,
915 2408 1216 2476 apotheciis
1254 2407 1431 2473 parvis
1469 2406 1773 2473 adpressis,
1813 2403 1989 2470 junio-

105 2483 253 2533 ribus
293 2481 540 2548 excipulo
592 2480 777 2547 spurio
830 2480 1081 2541 inclusi5‚
1137 2479 1350 2529 demum
1397 2475 1672 2526 denudatis
1723 2473 1990 2541 cupulari-

107 2553 236 2614 bus,
276 2551 490 2603 tandem
525 2549 893 2616 planiusculis.

248 2646 455 2698 Achar.
494 2649 628 2716 Syn.
661 2666 718 2715 p.
755 2649 841 2708 54.

247 2745 548 2796 Circinaria
584 2746 950 2805 Berteroana‚
1002 2740 1106 2792 Fe'e
1143 2741 1179 2792 l.
1217 2759 1262 2790 c.
1305 2759 1360 2807 ρ.
1401 2741 1513 2789 ι28.
1553 2737 1660 2789 tab.
1692 2740 1778 2789 80.
1804 2724 1988 2801 flg.3.

244 2852 466 2902 Thallus
493 2852 671 2912 durus,
702 2851 932 2919 rigidus,
969 2862 1049 2901 sat
1086 2867 1331 2919 magnus,
1374 2848 1547 2899 siccus
1581 2857 1635 2896 et
1661 2845 1989 2896 madefactus

109 2922 313 2973 albidus
364 2922 735 2981 cinerascens,
786 2922 971 2972 subtus
1007 2921 1164 2989 niger
1214 2918 1426 2970 fibrillis
1470 2918 1606 2968 raris
1664 2934 1789 2966 saxo
1844 2926 1989 2965 arcte

110 2992 417 3050 adhaerens,
457 3004 719 3042 structura
759 2992 822 3041 ad
851 3010 1092 3042 normam
1127 2991 1507 3050 foliaceorum,
1549 3006 1578 3038 e
1617 2985 1830 3037 laciniis
1866 2985 1992 3033 den-

108 3063 336 3113 sissimis
368 3063 486 3112 fere
518 3062 767 3129 implexis
804 3063 1154 3129 compositus,
1225 3060 1477 3110 Laciniae
1507 3069 1782 3127 angustae,
1820 3055 1991 3104 radia-

107 3133 207 3182 tim
249 3151 531 3200 expansae,
553 3133 674 3182 .sibi
701 3133 932 3183 invicem
959 3132 1287 3192 imbricatae,
1325 3129 1635 3189 tumidulae,
1673 3143 1858 3179 versus
1887 3142 1994 3173 am-

108 3203 278 3252 bitum
315 3204 680 3269 subcrispatae
732 3214 785 3253 et
823 3202 1372 3258 crenulato-incisae,
1433 3199 1666 3248 sorediis
1704 3195 1997 3246 communi-

109 3286 197 3323 ter
243 3273 626 3342 marginalibus
677 3271 1069 3323 confluentibus
1124 3273 1311 3337 (etiam
1350 3270 1406 3318 in
1452 3268 1740 3319 fructifero
1793 3265 1993 3325 obviis)

109 3343 308 3411 passim
361 3343 781 3411 pulverulentae.
873 3342 1170 3410 Apothecia
1237 3359 1389 3399 rara,
1457 3340 1633 3406 potius
1686 3333 1996 3401 marginalia

112 3431 270 3485 quam
323 3414 612 3472 centralia,
670 3414 895 3474 minuta,
949 3412 1206 3479 singulari
1257 3410 1416 3461 modo
1467 3426 1496 3458 e
1545 3407 1708 3459 thallo
1753 3420 1998 3472 prorum·
2114 3410 2163 3476 's'

36 3522 46 3532 s
114 3483 323 3552 peritia,
382 3484 725 3554 ejusdemque
763 3485 955 3535 lamina
994 3483 1140 3533 tenui
1182 3484 1428 3539 obtecta,
1489 3479 1635 3545 cujus
1676 3475 1888 3526 residua
1938 3471 2002 3526 ad
