2163 3852
553 73 861 126 hennum.
897 71 1474 129 Evrnmnmmnsn.
1854 77 1959 136 151

66 223 330 283 denudata
365 223 585 294 lucique
622 220 908 291 affulgenti
953 220 1196 288 exposita
1233 220 1509 290 explicare
1543 226 1720 290 potes.
1767 222 1955 277 Enim·

62 313 197 350 vero
232 296 363 347 licet
398 295 591 346 exinde
627 293 808 343 thesin
845 303 1085 344 nostram
1134 292 1203 342 de
1258 292 1471 360 origine
1522 301 1578 343 et
1625 289 1955 348 formatione

65 365 339 419 stromatis
378 367 542 416 etiam
587 379 729 413 nunc
775 362 1156 422 defendamus,
1210 376 1388 432 neque
1439 377 1560 411 eum
1612 359 1951 429 Achai-io,

63 435 246 488 Feeo
299 447 354 486 et
402 440 682 501 Meyero
734 444 931 483 stroma
985 449 1015 482 e
1066 435 1287 499 propria
1334 431 1631 482 substantia
1666 431 1956 487 formatum

62 504 421 572 accipiamus,
483 504 540 554 in
590 503 836 569 diagnosi
901 503 1266 553 characterem
1325 512 1506 552 tamen
1562 503 1723 554 istum
1771 504 1957 571 potius

59 575 486 645 physiologicum
541 591 700 643 quam
767 573 1161 640 diagnosticum
1187 608 1200 634 ‚
1262 572 1332 622 ob
1375 573 1577 624 coloris
1631 574 1958 626 mutationes

57 645 338 708 fallacem,
404 643 738 713 eundemque
796 643 1118 694 difficillime
1181 642 1396 708 saepius
1453 645 1784 706 eruendum,
1837 662 1959 697 cum

59 715 167 767 ulio
220 715 455 766 faciliori
508 725 563 766 et
614 713 835 765 omnino
897 722 1174 764 constante
1221 728 1365 762 nunc
1412 726 1738 769 commutare
1790 715 1958 768 satius

57 786 320 836 duximus.
393 784 1039 852 Eutrypethelinas
1089 783 1473 851 praeponimus
1522 785 1592 834 ob
1631 784 1956 837 affinitatem

59 872 182 907 cum
216 855 573 925 praecedente
612 855 792 913 tribu,
834 855 959 905 (lum
998 853 1465 923 Gliphydeae
1523 854 1661 906 disci
1735 856 1956 925 excipu-

59 927 205 997 lique
243 926 618 976 formationem
659 936 998 992 praeparant.

201 1000 413 1049 Stroma
448 995 512 1046 ab
551 995 886 1063 epidermide
932 1005 1138 1046 tectum
1187 1010 1337 1058 esse,
1389 991 1537 1063 quod
1582 992 1652 1045 de
1692 995 1955 1064 Trype·

59 1065 290 1118 thelio
343 1066 761 1134 Sprengelii
813 1077 867 1116 et
922 1064 1297 1118 varioloso
1362 1064 1538 1115 refert
1589 1067 1953 1131 Meyerus‚

55 1156 326 1206 nunquam
379 1135 511 1190 vidi.
592 1137 827 1190 Videtur
867 1136 998 1186 mihi
1040 1136 1141 1187 cel.
1194 1137 1401 1186 Auctor
1450 1135 1727 1187 inventum
1761 1137 1958 1188 Fler-

57 1207 180 1258 kei
218 1207 284 1258 de
324 1218 502 1258 crusta
549 1209 764 1276 saep-ius
811 1204 1228 1275 hypophloeode
1266 1205 1428 1255 nimis
1464 1205 1571 1255 late
1610 1206 1955 1275 concepisse,

57 1290 218 1347 atque
258 1277 484 1330 subinde
522 1296 766 1329 errorem
804 1276 1104 1329 Acharii
1142 1274 1539 1343 epidermidem
1568 1277 1810 1328 matricis
1833 1292 1955 1328 cum

54 1359 224 1399 strato
263 1348 511 1399 corticali
548 1347 929 1400 commutantis
967 1346 1278 1399 invertisse.

205 1420 426 1470 Thallus
464 1418 633 1469 totius
671 1419 847 1468 tribus
885 1427 1228 1478 crustaceus,
1278 1413 1337 1465 in
1385 1413 1546 1466 unica
1584 1413 1770 1482 specie
1807 1432 1962 1484 para·

56 1489 193 1540 doxa
230 1488 725 1558 (Trypethelio
761 1485 1314 1554 melanothrice)
1370 1485 1722 1556 singulariter
1773 1486 1960 1540 subfo-

53 1558 276 1612 liaceus.

611 1727 1010 1781 SUB'PRIBUS
1080 1723 1338 1780 PRIMA„

395 1850 1610 1905 EUTRYPETHELINAE.

50 2004 640 2072 (rnrrmflmmacitm,
677 2021 854 2056 rums,
892 2021 979 2058 η.
1018 2017 1318 2054 nomomm·
1348 2020 1394 2054 r.
1424 2009 1599 2053 261.-
1637 2015 1957 2056 tratemun-

152 2094 396 2130 Limncm
448 2093 520 2129 m*
558 2093 942 2136 romNEARuM‚
980 2075 1090 2126 mam
1130 2089 1356 2126 GENERA
1393 2096 1464 2112 --·
1529 2088 1854 2127 munemu-

606 2163 822 2210 Pomm,
876 2163 1068 2198 mermi
1107 2142 1399 2211 GENERA.)

210 2281 267 2339 A
288 2303 328 2363 p
347 2305 384 2343 ο
403 2283 484 2343 th
499 2304 533 2341 e
553 2305 588 2344 c
606 2284 627 2343 i
644 2307 680 2344 a
723 2282 1122 2366 subglobosa,
1150 2280 1463 2356 ostiolata,
1507 2280 1790 2344 stromati
1829 2280 1955 2344 dis-

47 2364 246 2426 colori
289 2367 598 2424 immersa.

216 2474 325 2532 Th
345 2474 456 2532 all
474 2497 514 2532 u
532 2497 561 2535 s
607 2489 962 2535 crustaceus
1008 2468 1101 2554 (et
1125 2469 1596 2552 subfoliaceus).

187 2581 441 2633 Adnot.
519 2583 735 2633 Stroma
772 2581 1072 2649 perfectius
1110 2579 1287 2632 forma
1324 2581 1623 2651 coloreque
1659 2580 1829 2650 magis
1867 2578 1951 2630 di-

49 2651 303 2704 stinctum
343 2669 500 2721 quam
540 2652 597 2701 in
635 2666 897 2722 sequente
933 2651 1112 2712 tribu,
1171 2661 1323 2701 extus
1374 2654 1588 2719 saepius
1638 2651 1949 2702 induratum

47 2735 105 2772 et
155 2724 377 2789 opacius
429 2740 587 2792 quam
646 2725 791 2773 intus
847 2723 1144 2774 coloratum
1192 2738 1371 2791 neque
1422 2740 1552 2777 vero
1591 2733 1759 2774 strato
1795 2721 1947 2772 thalli

44 2794 291 2843 corticali
326 2793 413 2846 vel
451 2793 692 2844 matricis
729 2793 1068 2861 epidermide
1099 2791 1405 2843 obductum.
1478 2797 1539 2844 In
1565 2793 1793 2862 singulis
1821 2809 1946 2859 spe-

46 2862 234 2913 ciebus
272 2876 383 2914 tres
423 2876 682 2931 apparent
729 2864 1137 2933 apotheciorum
1175 2864 1502 2914 evolationis
1543 2866 1737 2933 gradus
1774 2863 1945 2913 iidem

46 2933 243 3003 quibus
297 2934 443 2984 inter
493 2934 1018 2988 Verrucarinas
1073 2934 1477 3002 distinguuntur
1512 2952 1746 3008 genera:
1782 2936 1944 2986 Per·

45 3004 360 3069 tusaria‚
398 3005 826 3060 verrucaria
863 3017 918 3057 et
953 3009 1472 3073 Pyrenastrum.

692 3153 774 3199 XI.
818 3153 1299 3204 POROTHELIUM.

180 3265 329 3333 Syst.
369 3259 532 3314 Lich.
563 3281 622 3334 p.
669 3275 747 3324 ¹8·
772 3260 885 3336 fig.
925 3280 1010 3318 21.

184 3353 338 3406 Icon.
373 3351 606 3405 selectae
648 3364 903 3425 cryptog.
942 3356 1053 3406 tab.
1091 3371 1142 3426 q.
1167 3349 1280 3428 fig.
1317 3363 1368 3422 4.
1435 3419 1437 3421 ,

184 3443 560 3514 Trypethelii,
597 3443 812 3498 Achar.
852 3441 957 3500 Fe'e
980 3459 1126 3516 spec.
