2163 3852
580 99 586 104 ἱ
613 131 923 184 Licnnnns.
959 107 1390 183 Prmzmswnum.
1813 140 1916 193 145
1965 131 1967 135 ’

24 287 152 339 inde
189 285 248 336 in
294 301 354 337 os
408 294 689 334 commune
737 271 1144 342 desinentibus,
1214 281 1369 349 apice
1426 278 1724 334 incrassato
1788 301 1919 353 pro.

23 359 280 409 minente.

165 443 312 493 Icon.
352 438 447 492 sel.
484 426 741 508 crjstptog.
780 437 892 489 tab.
930 439 980 488 8.
1007 431 1119 504 fig.
1158 455 1210 504 7.

164 533 354 582 Planta
410 527 729 594 singularis,
784 527 853 576 ob
907 524 1188 592 apothecia
1244 526 1450 577 matrici
1497 526 1924 595 profundissime

27 606 306 660 immersa,
348 600 632 666 eruptione
673 615 762 646 sna
802 597 856 644 in
894 595 1228 644 directiones
1264 597 1437 648 varias
1476 615 1639 665 saepe
1677 600 1924 669 obliquas

27 674 249 724 corticis
289 671 568 737 ipsiusque
617 667 752 731 ligni
793 667 945 734 qnasi
983 666 1392 715 intumescentis
1434 668 1518 718 vel
1558 669 1719 719 etiam
1756 673 1927 724 solius

26 744 177 793 thalli
216 757 465 793 verrucas
504 750 559 789 et
595 737 766 802 plicas
805 747 886 786 sat
923 753 1138 803 magnas
1193 736 1420 785 subinde
1469 755 1622 789 cavas
1672 737 1926 794 bulbosas

27 812 356 872 efficientia3
396 827 525 878 quas
565 823 816 860 verrucas
867 824 895 855 e
946 823 1101 855 causa
1154 806 1307 858 allata
1361 807 1630 872 imprimis
1684 811 1927 875 pendere

26 901 91 933 ex
130 901 194 933 eo
232 881 519 949 probatur,
560 876 704 945 quod
742 893 930 926 versus
970 875 1230 925 ambitum
1259 876 1536 946 magisque
1569 879 1623 926 in
1646 876 1764 946 ipso
1787 899 1930 934 mar-

25 955 153 1022 gine
189 953 296 1002 lato
337 967 397 999 ac
435 950 491 1000 in
529 960 680 1014 parte
717 945 866 996 thalli
917 946 1218 1012 apotheciis
1268 947 1672 1012 Graphidis
1726 969 1929 1019 angu-

35 1033 262 1073 statae
303 1021 427 1083 (cfr.
469 1036 627 1085 supra
671 1035 723 1084 p.
762 1016 875 1081 73.)
912 1017 1121 1066 onustis
1159 1033 1419 1067 verrucae
1456 1018 1678 1069 omnino
1731 1020 1930 1075 desint.

27 1092 243 1144 Thallus
280 1102 621 1148 mustaceus,
657 1089 761 1136 late
801 1097 1080 1146 extensus,
1121 1105 1282 1152 supra
1322 1104 1575 1151 verrucas
1633 1086 1927 1159 laevigatus

26 1161 403 1213 nitidiusculus
427 1197 440 1222 ‚
494 1158 621 1208 alias
659 1157 809 1227 quasi
851 1174 879 1206 e
914 1157 1215 1206 verruculis
1253 1156 1554 1207 minoribus
1590 1161 1928 1224 tenuissime,

22 1230 675 1302 granulato-rugulosus‚
733 1227 1092 1293 sulphureus,
1146 1244 1268 1276 mox
1322 1225 1584 1278 intensius
1622 1227 1925 1282 flavescens

25 1321 150 1352 mox
187 1303 518 1369 pallescens,
558 1298 625 1348 ad
661 1296 917 1346 ambitum
956 1295 1199 1363 margine
1239 1296 1346 1346 lato
1386 1298 1633 1348 umbrato
1675 1299 1930 1353 cinereo·
1972 1295 1977 1299 ’

24 1373 484 1440 nigro-variegato
548 1369 774 1418 cinctus.
850 1367 1131 1415 Structura
1166 1365 1320 1415 thalli
1357 1368 1650 1435 conspicue
1689 1387 1720 1419 e
1759 1383 1930 1424 strato

27 1443 261 1510 duplici:
299 1439 582 1491 medullari
619 1438 739 1488 albo
776 1436 1067 1503 inaequali,
1109 1437 1356 1486 crassitie
1395 1456 1488 1487 sua
1525 1437 1773 1507 variabili
1810 1460 1934 1492 ver—

23 1530 179 1564 rucas
219 1511 486 1561 thallodes
525 1509 712 1559 citatas
751 1505 1063 1565 efficiente,
1115 1523 1146 1556 e
1181 1506 1440 1557 vesiculis
1480 1506 1718 1559 minimis
1755 1511 1933 1577 pella--

29 1583 169 1634 cidis
207 1581 542 1648 composit03
596 1576 840 1627 cortieali
879 1576 1129 1624 tenuiore
1181 1577 1449 1626 crassitiei
1490 1591 1804 1630 constanter
1840 1598 1933 1631 ae-

30 1653 239 1722 qualis,
295 1650 621 1718 sulphureo,
674 1647 731 1695 in
784 1646 1026 1696 sectione
1081 1646 1232 1695 tenui
1285 1645 1381 1696 sub
1432 1647 1933 1717 lente'composita

28 1724 201 1774 dilute
254 1721 450 1779 viridi,
508 1716 858 1769 substantiam
911 1716 1218 1766 continuam
1276 1717 1740 1784 semipellucidam
1776 1719 1937 1773 hexa-

27 1812 206 1862 gono·
233 1794 320 1842 vel
357 1788 1016 1857 tetragono-cellulosam
1054 1786 1416 1838 constituente
1439 1824 1451 1847 ‚
1514 1789 1661 1840 nullo
1717 1798 1937 1858 praete-

24 1881 120 1914 rea
167 1874 334 1912 strato
383 1861 639 1911 distincto
700 1857 898 1920 viridi,
967 1858 1034 1906 de
1095 1875 1232 1926 quo.
1272 1870 1502 1925 egerunt
1572 1861 1930 1921 recentiores,

27 1933 359 2000 interposito
418 1930 577 1993 (icon.
629 1927 720 1977 cit.
762 1922 874 1992 fig.
935 1925 1058 1976 VII.
1112 1928 1211 1977 cfr.
1266 1946 1424 1995 supra
1472 1930 1684 1982 observ.
1726 1949 1778 1998 p.
1816 1933 1933 1994 55.)

24 2003 327 2072 Apothecia
366 2001 623 2068 pleraque
660 1997 1039 2065 lageniformia
1073 2015 1137 2047 ex
1172 1998 1339 2048 fundo
1378 2000 1607 2066 globoso
1650 2001 1708 2050 in
1739 2002 1930 2052 ostioli

26 2076 224 2125 collum
264 2073 414 2140 apice
464 2075 660 2121 iterum
697 2070 1049 2118 incrassatum
1089 2069 1289 2118 sensim
1326 2080 1595 2119 attenuata
1631 2070 1797 2136 (icon.
1837 2071 1931 2123 cit.

13 2140 126 2213 fig.
190 2141 311 2192 VII.
367 2143 473 2204 2.)‚
525 2141 626 2191 alia
681 2140 880 2189 ostiolo
933 2137 1232 2204 cylindrico
1295 2140 1446 2208 quasi
1496 2140 1690 2206 affixa,
1759 2141 1930 2207 (icon.

29 2208 255 2281 cit.fig.
308 2214 429 2264 VII.
467 2213 577 2274 4.),
633 2211 719 2262 vel
775 2210 1016 2259 solitaria
1074 2210 1289 2259 ostiolis
1346 2211 1546 2260 erectis
1599 2211 1934 2279 obliqnisve,

27 2286 116 2338 vel
153 2284 405 2334 stellatim
441 2291 729 2349 aggregata
782 2280 996 2329 ostiolis
1036 2291 1161 2328 tunc
1201 2280 1654 2348 convcrgentibus
1694 2282 1934 2351 obliquis

31 2352 530 2406 horizontalibusve
585 2367 775 2401 versus
817 2350 1026 2417 apicem
1066 2367 1274 2398 sursum
1316 2353 1549 2401 curvatis
1589 2352 1645 2401 in
1682 2370 1743 2403 os
1787 2369 1938 2403 com·-

29 2443 190 2476 mune
244 2422 616 2473 desinentibus
672 2419 846 2482 (icon.
894 2418 982 2468 cit.
1022 2412 1132 2482 fig.
1199 2417 1321 2468 VII.
1371 2420 1502 2485 3.);
1570 2422 1657 2472 vel
1706 2423 1935 2474 subinde
1978 2478 1982 2486 ..

30 2497 188 2565 plana
228 2493 321 2542 sub
361 2503 538 2541 crusta
577 2491 816 2539 seriatim
854 2500 1109 2547 connata,
1149 2507 1258 2540 uno
1298 2491 1353 2538 in
1382 2491 1610 2540 alterum
1633 2493 1935 2554 desinente,

33 2567 273 2618 canalem
309 2561 734 2612 moniliformem
775 2559 1194 2619 constituentia,
1251 2561 1536 2627 apothecio
1590 2563 1808 2614 nonnisi
1847 2582 1936 2614 su-

36 2654 173 2704 pero
221 2634 391 2701 magis
447 2632 690 2681 minusve
743 2630 903 2698 longe
962 2629 1216 2680 ostiolato
1269 2649 1429 2698 supra
1466 2645 1698 2683 crustam
1732 2635 1940 2702 promi-

38 2712 228 2757 nente.'
298 2702 513 2755 Ostiola
562 2700 781 2752 nonnisi
832 2702 985 2767 apice
1033 2701 1330 2751 incrassato
1385 2704 1764 2770 magnitudinis
1818 2722 1942 2773 gra-

40 2777 157 2827 nuli
193 2773 483 2842 Papaveris
509 2808 521 2830 ‚
580 2772 645 2822 ad
681 2788 1030 2822 verrucarum
1067 2771 1361 2821 interstitia
1397 2775 1483 2824 vel
1521 2773 1686 2824 latera
1724 2775 1940 2842 saepius

38 2864 197 2918 quam
248 2847 304 2894 in
355 2842 645 2893 earundem
703 2841 1409 2909 summitate'prominent,
1475 2861 1569 2894 ore
1621 2845 1686 2894 ad
1736 2847 1940 2895 lentem

34 2918 146 2967 late
198 2909 386 2982 aperto
436 2930 818 2980 nonnunquam
867 2913 1092 2973 rimato,
1165 2913 1381 2979 saepius
1439 2933 1466 2963 a
1517 2932 1654 2964 zona
1705 2916 1943 2966 cineras-2

36 2999 194 3038 cente
245 2985 341 3035 sub
390 3002 523 3051 aqua
563 2981 822 3033 dissuente
863 2983 1098 3033 obtecto.
1186 2984 1402 3033 Theeae
1465 2984 1762 3051 ellipticae,
1803 2987 1939 3035 aliae

36 3058 274 3107 minores
325 3054 725 3119 (imperfectae)
780 3070 974 3103 vacuae
1020 3053 1106 3104 vel
1160 3065 1391 3122 quatuor
1441 3055 1686 3120 sporulas
1735 3055 1942 3123 globo-

38 3146 122 3178 sas
143 3125 480 3176 includentes
503 3160 516 3183 ‚
556 3124 688 3173 aliae
716 3123 947 3188 majores
968 3125 1226 3192 utrinque
1258 3124 1567 3189 cuspidatae
1591 3143 1762 3195 aequo
1785 3126 1943 3176 modo

42 3208 411 3264 tetrasporae,
453 3192 662 3244 duobus
701 3211 830 3245 vero
868 3195 1047 3260 sporis
1084 3194 1278 3243 mediis
1318 3191 1628 3260 majoribus.

175 3302 375 3353 Incolit
413 3301 672 3351 arborum
710 3301 961 3350 corticem
997 3300 1071 3349 ad
1096 3297 1338 3367 fluvium
1374 3302 1740 3352 Amazonum.

179 3379 245 3462 ¹1³.
299 3413 399 3461 sul
419 3411 688 3479 phureu
708 3429 788 3470 m,
845 3408 1178 3476 plicatum
1202 3428 1218 3473 3
1264 3425 1294 3478 »ἶ-
1347 3423 1524 3462 crusta
1561 3410 1760 3476 plicato
1781 3439 1797 3448 -
1819 3424 1938 3478 gra·

39 3478 217 3532 nulata
266 3483 435 3533 nitida
485 3480 1049 3550 amantio-sulphurea
1065 3515 1080 3546 ,
1135 3481 1431 3550 apotheciis
1468 3481 1789 3549 turbinatis,
1847 3492 1936 3548 ag·

108 3568 287 3606 FLORA
325 3569 536 3605 nnasxx..
576 3555 614 3605 1.
703 3595 707 3598 .
1503 3555 1571 3606 10
