2163 3852
623 170 927 222 bienni-cns.
998 163 1396 215 [amoenans.
1882 145 1954 201 93

217 326 460 385 Adnot.
546 323 763 374 Genera
813 318 946 381 duo,
996 312 1456 364 Leiorreuma
1507 312 1562 355 et
1612 303 1956 352 Leonnac·

79 400 207 460 tis,
247 415 382 466 quae
427 394 575 463 prius
615 391 1002 447 distinxeram,
1057 382 1161 432 hoc
1204 379 1363 430 modo
1393 374 1677 443 conjuncta
1708 369 1957 427 exhibeo,

79 480 372 539 propterea
410 463 553 534 quod
589 459 951 510 differentiam
1001 456 1142 504 inter
1190 462 1416 515 utraque
1457 445 1831 512 praecipuam,
1878 435 1962 486 ni-

76 540 271 590 mirum
307 533 660 600 pei-ithecium
696 530 811 581 basi
856 528 941 578 vel
969 527 1238 589 integrum
1266 522 1348 570 vel
1381 516 1669 574 deficiens,
1705 527 1812 559 non
1849 519 1963 556 tan-

80 622 193 660 tum
229 606 554 656 difficillime
590 600 908 655 eruendam,
962 594 1058 646 sed
1095 593 1254 642 etiam
1300 607 1416 640 cum
1453 589 1613 637 altera
1654 576 1967 635 differentia

77 678 512 747 apotheciorum,
553 671 725 721 forma
762 669 847 718 vel
890 665 1079 716 lineari
1117 665 1196 715 vel
1220 651 1809 712 radiato-orbiculari,
1855 663 1965 696 non

81 765 294 815 semper
343 746 711 795 simultancam
758 737 1108 790 observ-arim.
1208 735 1340 783 Cum
1392 746 1519 781 vero
1560 727 1691 776 haec
1739 716 1966 768 Ulterior

83 817 394 870 differentia
428 813 639 863 facilius
679 808 1015 861 observanda
1058 820 1268 870 unaque
1299 802 1423 850 satis
1457 809 1737 848 constans,
1786 800 1965 866 nequ-0

81 906 214 941 vero
264 886 325 936 ad
371 900 570 953 genera
617 878 991 947 distinguenda
1033 874 1158 924 satis
1199 870 1549 922 determinata
1582 879 1634 916 et
1666 857 1969 937 essentialis

14 965 24 975 “’
83 960 186 1019 sit,
226 958 351 1006 bina
388 970 585 1022 genera
632 954 789 1002 citata
818 949 883 998 ad
923 947 1237 997 ulteriorem
1280 939 1640 992 differentiam
1680 941 1970 1003 praecipue

84 1028 364 1086 distincta,
420 1027 607 1074 baseos
652 1022 960 1087 integritate
997 1014 1334 1082 posthabita,
1383 1025 1439 1058 ut
1467 1008 1732 1058 sectiones
1763 1013 1974 1051 natura-

84 1099 318 1149 lissimas
353 1096 595 1151 retineo,
652 1092 844 1160 quibus
884 1089 1131 1146 tertiam,
1171 1080 1636 1138 Medusnlam,
1690 1072 1972 1138 subjungo,

89 1180 244 1220 antea
302 1181 526 1215 verruca
574 1162 977 1230 apotheciorum
1019 1155 1331 1206 tenuissima
1362 1171 1389 1201 a
1425 1150 1977 1200 Leiorreumate

91 1238 401 1290 distinctum
438 1252 640 1302 genus,
692 1232 758 1281 de
806 1247 910 1299 quo
956 1245 1078 1277 mox
1124 1225 1291 1292 plura.
1370 1220 1549 1273 Sectio
1581 1219 1733 1285 prior
1778 1213 1978 1282 prima-

93 1309 175 1360 ria
212 1320 322 1368 est,
379 1306 550 1354 tribus
599 1315 786 1368 typum
831 1302 1158 1349 immutatum
1210 1294 1491 1351 referens,
1545 1289 1710 1338 altera
1759 1291 1980 1336 Leca-

91 1377 325 1429 nactis
379 1374 680 1442 apotheciis
720 1371 888 1439 magis
924 1366 1223 1418 rotundatis
1257 1376 1310 1413 et
1344 1358 1663 1413 subradiatis
1698 1356 1980 1408 transitum

89 1459 242 1517 parat
276 1446 340 1494 ad
378 1446 620 1503 tertiam,
659 1439 1110 1494 Medusulam,
1160 1434 1406 1485 radiatim
1442 1427 1758 1485 lamulosis,
1797 1425 1984 1476 simul-

51 1516 354 1636 ‘quedstUQ
402 1514 469 1565 ad
530 1511 945 1570 Lecidinaa,
1014 1507 1145 1557 haec
1201 1505 1267 1554 ad
1328 1497 1983 1569 Trypetheliaceas

99 1600 188 1639 ten
230 1597 287 1636 it.

235 1677 363 1724 Post
395 1672 527 1722 haec
557 1687 721 1740 genus
753 1670 1024 1736 integrum
1060 1685 1087 1715 a
1125 1659 1489 1730 Graphide
1530 1656 1868 1708 strictissime
1905 1654 1988 1704 di-

102 1745 393 1813 stinguitur
435 1742 653 1793 defectu
697 1741 952 1807 marginis
1004 1735 1218 1804 proprii
1265 1733 1332 1783 ob
1380 1729 1739 1799 perithecium
1771 1726 1990 1777 omnino

98 1817 302 1877 latenS,
342 1814 492 1863 disco
519 1813 644 1862 hinc
671 1811 734 1861 ab
764 1807 1118 1867 incunabulis,
1160 1803 1380 1871 simulac
1425 1801 1692 1868 margines
1725 1796 1992 1847 thallodes

100 1885 361 1937 secedunt
409 1884 491 1933 vel
524 1884 687 1932 etiam
731 1891 914 1938 antea,
965 1875 1330 1945 planiusculo‚
1369 1869 1868 1938 albido-pruinoso
1902 1864 1993 1919 vel

102 1956 484 2026 pulverulento
502 1983 520 1990 —
535 1954 709 2003 velato
737 1967 838 2000 nec
862 1951 1075 2000 rimato.

240 2042 636 2102 Perithecium,
692 2040 825 2090 licet
869 2033 1095 2089 subinde
1151 2032 1523 2085 tenuissimum
1543 2066 1556 2090 ,
1633 2029 1690 2078 in
1732 2024 1998 2093 perfectis

104 2114 298 2166 adultis
341 2129 610 2182 nunquam
651 2111 832 2170 deest,
887 2109 1015 2159 hinc
1051 2108 1386 2157 characteres
1416 2117 1674 2170 generum
1704 2098 1996 2148 citatorum

106 2187 205 2236 cel.
269 2184 537 2249 Meyeri
598 2182 815 2231 omnino
883 2178 1137 2240 erronei3
1199 2185 1480 2244 praeterea
1535 2174 2009 2234 Leucogram-

109 2256 321 2321 matis,
351 2257 421 2303 M.
462 2253 693 2315 „lamina
729 2251 1000 2318 proligera
1034 2245 1379 2299 canaliculata
1405 2240 1735 2309 sporotamio
1762 2235 1997 2288 thallode

110 2342 340 2391 superne
371 2321 836 2391 longitudinaliter
877 2331 1160 2386 rumpente
1194 2319 1455 2381 excepta“
1497 2322 1689 2362 statum
1726 2307 2001 2376 juniorem

24 2403 52 2407 χ
111 2395 488 2445 nonnullarum
542 2389 1144 2458 Leiograrnmatis
1183 2399 1237 2437 et
1271 2383 1598 2436 Ustaliae
1637 2390 1854 2430 nostrae
1885 2392 2008 2442 spe-

112 2466 316 2517 cierum
338 2500 350 2524 ,
404 2474 624 2513 econtra
671 2463 744 2510 Pl
762 2480 788 2510 a
806 2472 868 2526 ty
887 2478 918 2529 g
934 2479 960 2509 r
977 2480 1003 2509 a
1018 2477 1068 2507 m
1087 2477 1137 2507 m
1154 2477 1182 2507 a
1197 2468 1217 2507 t
1236 2457 1254 2504 i
1275 2474 1297 2504 s
1342 2459 1414 2506 M.
1467 2450 1701 2515 „lamina
1738 2447 2013 2515 proligera

114 2535 289 2586 libera
344 2534 602 2600 depresso
624 2562 644 2571 -
663 2531 817 2598 plana
834 2566 848 2590 ,
917 2529 1156 2595 margine
1209 2525 1355 2576 nullo
1405 2523 1489 2574 vel
1537 2519 1771 2571 thallode
1823 2535 1900 2584 spx
1922 2514 2009 2565 rio

114 2605 328 2655 cincta“
364 2616 552 2654 statum
584 2603 818 2653 adultum
849 2600 1091 2668 ejusdem
1115 2600 1160 2648 U
1176 2608 1234 2647 st
1250 2595 1385 2645 alia
1402 2611 1430 2643 e
1463 2593 1702 2642 indicare
1738 2587 2008 2640 videntur.

257 2701 493 2752 Nucl-eus
542 2700 611 2751 ob
651 2699 1005 2767 perithecium
1042 2714 1201 2764 supra
1234 2691 1489 2742 deficiens
1534 2700 1588 2738 et
1625 2685 1803 2736 nuclei
1855 2681 2010 2733 basin

119 2771 204 2825 vel
240 2771 410 2839 ipsam
464 2771 547 2822 vel
584 2770 851 2819 mediante
883 2767 1184 2837 perithecio
1214 2762 1424 2813 matrici
1464 2760 1863 2810 incumbentem
1902 2771 2009 2801 ma-

121 2842 203 2912 gis
254 2843 490 2905 minusve
537 2851 871 2908 tetraqueter
905 2851 1020 2900 est,
1083 2836 1227 2906 quod
1272 2834 1326 2883 in
1365 2828 1757 2896 Graphidis
1810 2838 2010 2893 genere

122 2912 300 2981 quoad
344 2912 495 2961 basin
544 2910 760 2980 quidem
810 2929 918 2960 non
964 2909 1273 2964 rarissime,
1314 2902 1488 2972 quoad
1523 2903 1657 2950 latus
1690 2901 1820 2949 v'ero
1856 2910 2014 2959 supe-

117 2983 230 3032 rius
272 2983 486 3041 nuclei,
527 2999 794 3049 nunquam
835 2979 1135 3030 observavi.
1213 2978 1490 3026 Structura
1517 2981 1797 3037 praeterea
1834 2961 2014 3013 nuclei

122 3070 151 3102 e
184 3051 366 3102 {loccis
397 3053 712 3120 gelatinosis
761 3052 961 3100 erectis
1004 3047 1273 3117 parallelis
1321 3059 1422 3093 nec
1466 3039 1770 3094 convolutis
1813 3035 2018 3085 discum

124 3123 406 3174 constituit
436 3122 733 3190 perfectius
769 3135 824 3172 et
851 3122 1009 3170 altius
1061 3119 1351 3171 evolutum.

591 3283 818 3330 SECTIO
848 3286 888 3328 Ι.
948 3275 1473 3327 LEIORREUMA.
1534 3277 1566 3330 ἦ·

277 3415 422 3545 Syigit.
472 3414 631 3539 Lic3lz.
663 3436 720 3486 p.
772 3411 978 3484 13.fig.
1032 3430 1077 3464 2.
1115 3440 1185 3452 ·--
1233 3409 1382 3461 Icon.
1417 3407 1510 3460 sel.
1543 3411 1794 3475 cryptog.
1832 3396 1940 3447 lab.
1979 3394 2028 3448 6·

335 3540 344 3550 ⁸
391 3505 443 3554 g.
481 3504 528 3538 2.
600 3524 612 3538 .

280 3576 542 3645 Graphis,
586 3573 675 3627 Fr.
703 3574 786 3644 pl.
819 3577 1032 3627 bomon.
1061 3591 1118 3639 p.
1151 3586 1269 3638 272.
