2163 3852
678 75 986 123 Licimims.
1046 69 1347 120 Cmmoma.
1852 62 1953 112 263

483 241 527 282 2·
600 242 986 281 CLADONIA
1073 238 1539 277 SANGUINEA·

222 358 299 409 Cl.
338 357 490 408 thalli
541 355 751 407 foliolis
798 354 990 420 rigidis
1030 353 1224 402 crassis
1266 348 1569 416 majusculis
1604 343 1952 421 lebate—cre-

78 427 274 477 nulatis
309 425 752 478 adscendentibus
789 424 1018 492 prasinis
1046 424 1188 472 intus
1228 419 1497 469 coccineis
1528 416 1711 495 subtus
1749 412 1952 492 albidu-

81 498 354 564 pruinosis
407 496 669 546 rubedine
732 496 1122 551 translucente,
1190 490 1424 556 podetiis
1477 486 1664 536 validis
1713 483 1969 563 l‘iqu'us,

78 568 382 627 lacunosiS‚
440 566 524 617 vel
560 565 773 615 omnino
812 567 898 614 vel
939 564 1090 630 apice
1130 560 1459 611 solummodo
1498 552 1955 631 longitudlnaliter

82 636 253 693 fissis,
327 636 454 685 hinc
510 635 1009 703 lebate-digitatim
1066 631 1345 696 expansis,
1398 625 1697 694 apothccfis
1750 639 1954 690 magnis

72 707 452 774 marginalibus
489 703 882 755 confluentibus
923 703 1211 754 coccineis.

214 831 344 883 Icon
384 831 474 883 sel.
517 841 696 900 crypt.
737 832 876 882 bras.
921 831 1028 881 tab.
1069 850 1142 879 ιι.
1186 823 1296 895 fig.
1343 847 1384 875 1.
1423 857 1489 866 --
1546 821 1773 885 Florlic,
1813 839 1953 874 com-

280 912 439 953 ment.
477 920 636 953 nova.
686 921 743 969 p.
787 919 868 952 22.

217 1018 472 1069 Cladonia
511 1018 757 1077 miniata,
800 1014 1022 1084 IlJeyer.
1061 1012 1097 1062 l.
1137 1032 1179 1062 c.
1226 1021 1337 1078 ¹49·
1379 1010 1508 1073 (fide
1548 1007 1857 1075 speciminis
1897 1006 1953 1053 in

283 1089 434 1145 herb.
472 1092 607 1155 Reg.
648 1087 858 1152 Berol.)

207 1203 462 1253 'Plantula
499 1203 711 1271 elegans
745 1201 1098 1266 caespitulosa
1130 1198 1400 1248 coloribus
1439 1194 1749 1244 ardentibus
1788 1193 1953 1259 insig-

71 1272 170 1320 nis.
212 1271 354 1336 (icon
394 1273 484 1322 cit.
508 1267 619 1340 fig.
649 1271 695 1322 I.
742 1275 809 1336 1.)
883 1270 1100 1321 Thallus
1133 1287 1163 1319 e
1197 1268 1402 1318 foliolis
1437 1265 1732 1314 imbricatis
1764 1280 1954 1330 aggre-

70 1343 252 1410 gratis.
323 1344 530 1393 Foliola
570 1343 971 1394 inciso-lobata
1020 1352 1074 1390 et
1110 1340 1413 1400 crenulata,
1472 1334 1848 1386 adscendentia
1901 1343 1955 1381 ct

71 1410 264 1476 reflexa
304 1414 365 1476 (i.
402 1432 448 1463 e.
487 1414 729 1480 margine
762 1411 1121 1478 resupinata),
1168 1409 1530 1473 subcrispata,
1572 1415 1604 1467 [ι
1628 1404 1751 1456 -O
1784 1404 1954 1451 lineas

70 1481 203 1543 lata,
243 1483 589 1542 crassissima,
620 1484 684 1532 ad
713 1485 911 1532 lentem
943 1481 1315 1537 scrobiculata‚
1356 1478 1567 1526 demum
1595 1475 1808 1531 rimosa,
1848 1473 1952 1521 fra-

71 1551 226 1618 gilia,
266 1564 433 1603 strato
469 1553 676 1619 triplici
715 1552 1040 1618 composita3
1079 1566 1304 1617 quorum
1342 1546 1571 1595 inferius
1608 1558 1767 1595 tenue
1807 1543 1956 1608 prui-

68 1639 256 1671 nosum
297 1623 531 1674 albidum
569 1623 874 1681 evanidum,
916 1621 1148 1668 medium
1188 1616 1531 1680 (medullare)
1569 1613 1955 1665 crassissimum

69 1691 397 1741 coceineum
420 1704 684 1743 structura
716 1708 879 1758 parce
915 1690 1148 1741 floccosa
1182 1687 1413 1755 globulis
1446 1686 1685 1753 copiosis
1720 1684 1954 1732 miniatis

69 1761 362 1828 inspersis,
402 1764 650 1830 superius
698 1761 1038 1829 inaequabile
1092 1760 1390 1826 prasinum,
1441 1755 1733 1806 substantia
1772 1753 1954 1817 (hujus

68 1833 218 1880 strati
247 1832 596 1899 posterioris)
633 1834 688 1881 in
719 1832 1030 1882 madefactis
1069 1829 1418 1897 singulariter
1447 1836 1780 1876 tumescente
1812 1825 1954 1891 gela·
2023 1862 2025 1865 ,

67 1901 267 1961 tinosa,
326 1903 390 1951 ad
442 1903 738 1953 sectionem
788 1902 913 1951 satis
962 1913 1178 1950 tenuem
1225 1897 1464 1963 hyalina‚
1525 1897 1588 1945 ad
1633 1895 1955 1945 crassiorem

67 1972 407 2031 virescente,
461 1973 673 2022 cellulis
711 1972 1052 2022 difformibus
1091 1969 1354 2036 elongatis
1392 1964 1645 2017 flexuosis
1669 2005 1682 2027 ‚
1722 1965 1792 2015 ob
1831 1965 1955 2013 sub-

71 2043 297 2091 stantiae
336 2042 761 2110 pelluciditatem
793 2041 1090 2091 difficulter
1123 2038 1450 2104 conspicuis,
1489 2054 1589 2088 nec
1624 2036 1776 2086 fibris
1808 2034 1952 2095 ullis,

42 2110 213 2174 .(icon
251 2111 341 2161 cit.
382 2105 494 2179 fig.
530 2111 578 2164 I.
617 2112 716 2175 5.).
790 2112 1019 2162 Podetia
1073 2127 1242 2178 aeque
1301 2124 1506 2163 crassa,
1580 2106 1952 2165 breviuscula,

72 2182 506 2248 semipollicaria,
545 2183 718 2232 rarius
748 2182 1046 2248 pollicaria,
1074 2180 1285 2246 juniora
1317 2178 1708 2237 decumbentia,
1743 2175 1954 2232 demum

69 2254 374 2319 asurgentia
401 2253 639 2313 incurva,
678 2252 806 2302 hinc
835 2253 964 2302 inde
989 2251 1194 2301 foliolis
1225 2248 1555 2317 squamaeeis
1583 2248 1711 2297 inde
1736 2263 1764 2294 a
1788 2252 1954 2305 thallo

71 2341 277 2371 sursum
315 2323 680 2390 magnitudine
719 2322 1188 2372 descrescentibus
1222 2320 1449 2378 vestita,
1488 2327 1805 2386 aggregata,
1844 2342 1955 2374 532„

69 2393 191 2459 pius
231 2392 374 2442 inter
412 2410 471 2441 se
509 2404 562 2442 et
600 2409 719 2441 cum
755 2392 895 2441 lobis
932 2392 1111 2448 thalli,
1151 2408 1180 2439 e
1221 2388 1372 2453 cujus
1409 2391 1648 2458 margine
1685 2393 1955 2459 originem

70 2463 299 2521 ducunt,
353 2461 807 2520 subconssuentia,
858 2480 1013 2510 unam
1050 2460 1112 2510 ad
1151 2459 1302 2509 binas
1339 2459 1506 2509 lineas
1545 2460 1806 2512 diametro
1844 2482 1958 2514 me-

70 2533 298 2594 tientia3
361 2533 679 2600 plerumque
733 2531 798 2581 ad
845 2532 1074 2581 mediam
1117 2541 1322 2597 partem
1372 2530 1680 2596 angustiora
1746 2550 1955 2583 sursum

70 2604 429 2669 deorsumque
475 2602 720 2663 dilatata,
781 2601 934 2667 apice
971 2601 1096 2653 dein
1137 2598 1220 2649 vel
1272 2598 1494 2666 oblique
1548 2601 1953 2669 subscyphifera

69 2672 154 2723 vel
190 2672 295 2720 late
334 2672 774 2740 plano-expansa
811 2669 1308 2738 lacero-digitatim
1345 2669 1545 2732 divisa3
1599 2673 1775 2722 rarius
1811 2686 1956 2724 tere-

69 2743 144 2792 tia
199 2742 577 2809 angustissime
627 2759 728 2793 nec
777 2742 885 2791 nisi
944 2742 1008 2792 ad
1048 2740 1381 2807 superiorem
1419 2751 1625 2805 partem
1676 2741 1952 2807 fistulosa,

69 2811 409 2879 frequentius
457 2812 523 2861 ad
570 2831 731 2863 unum
780 2813 951 2872 latus,
1008 2811 1094 2862 vel
1140 2829 1167 2860 a
1211 2810 1328 2859 basi
1376 2813 1462 2860 vel
1513 2812 1668 2867 altius
1714 2831 1743 2863 a
1780 2815 1954 2865 media

73 2894 226 2949 parte
269 2882 730 2949 longitudinaliter
765 2881 887 2932 fissa
924 2894 976 2932 et
1003 2881 1361 2937 canaliculata‚
1400 2882 1628 2943 cavitate
1660 2883 1955 2953 longitudi-

70 2952 177 3001 nali
225 2951 279 3000 in
324 2951 598 3016 juventute
645 2972 672 3003 a
716 2953 1021 3003 membrana
1057 2972 1095 3003 s.
1138 2953 1257 3003 velo
1307 2953 1622 3019 scyphorum
1673 2953 1953 3023 diaphrag-

72 3021 228 3072 matis
266 3022 332 3071 ad
371 3023 607 3088 speciem
646 3023 906 3082 obducta,
960 3022 1106 3090 quod
1141 3023 1207 3072 ad
1243 3023 1519 3088 margines
1555 3023 1761 3090 podetii
1797 3037 1851 3074 et
1890 3027 1953 3074 ad

70 3092 470 3142 tuberculorum
517 3093 667 3143 basin
704 3092 917 3143 affixum
967 3110 1030 3142 ex
1069 3093 1364 3142 eorundem
1412 3094 1720 3146 evolutione
1757 3096 1952 3144 sensim

74 3163 379 3230 sensimque
406 3173 617 3212 tensum
652 3165 861 3214 demum
896 3162 1246 3228 disrumpitur
1283 3161 1424 3224 (icon
1456 3163 1545 3214 cil.
1568 3161 1677 3232 fig.
1709 3164 1756 3215 I.
1797 3183 1843 3214 2.
1871 3165 1954 3228 cn(

76 3243 132 3281 et
185 3232 485 3293 evanescit,
552 3234 831 3284 cavitatate
887 3233 1088 3298 podetii
1143 3234 1522 3299 longitudinali
1582 3237 1955 3303 irregulariter

74 3302 307 3351 rimatim
337 3300 457 3350 fissa
484 3304 687 3352 relicta.
755 3304 987 3352 *Fabrica
1013 3303 1354 3369 podetiorum
1387 3305 1570 3354 eadem
1608 3325 1743 3373 quae
1783 3305 1953 3365 thalli,

73 3371 182 3421 nisi
220 3372 363 3439 quod
402 3383 621 3422 stratum
670 3373 960 3422 medullarc
999 3374 1269 3423 miniatum
1309 3395 1348 3423 s,
1389 3377 1702 3425 coccineum
1748 3394 1954 3425 sursum

78 3441 278 3492 sensim
313 3441 646 3506 diminuitur,
688 3455 908 3494 econtra
934 3455 1153 3495 stratum
1185 3444 1354 3495 album
1386 3460 1609 3514 augetur
1643 3446 1785 3516 quod
1820 3464 1953 3497 uon-
