2163 3852
996 180 1211 230 Amne.
2017 182 2052 233 5

156 353 523 417 naturaque,
583 333 863 416 protinus
908 331 1001 390 vel
1029 331 1091 388 in
1130 328 1573 407 longitudinem
1605 328 1699 388 vel
1738 328 1804 386 in
1843 326 2048 387 latim·

88 469 94 473 .
159 421 364 478 dinem
400 417 798 498 porriguntur
836 427 895 471 et
930 412 1432 491 multiplicantur.

215 572 217 575 Ι
319 503 563 557 Infimae
601 498 791 576 Algae
827 493 915 553 nil
959 495 1123 552 aliud
1168 508 1309 549 sunt
1355 506 1786 572 praeterquam
1825 510 2048 570 sporae

157 582 650 663 simplicissimae
692 576 1042 658 hujusmodi
1082 574 1463 654 germinandi
1500 594 1790 653 capaceS,
1858 571 2044 630 modo

155 666 220 722 in
255 685 435 722 muco
466 661 813 720 nidulantes
841 658 1029 717 modo
1066 658 1130 715 in
1163 656 1390 736 stipata
1428 655 1695 713 vesicula
1732 653 2041 727 inclusae3

154 761 338 826 atque
376 742 816 803 recentissimis
857 739 1284 822 experimentis
1323 738 1467 796 satis
1500 757 1801 817 superque
1837 735 2045 792 edocti

153 848 380 897 sunum,
423 828 610 887 vitam
638 826 701 883 in
725 824 846 883 illis
870 825 1030 881 inter
1059 820 1384 879 animalem
1414 833 1474 876 et
1496 819 1895 897 vegetabilem
1919 838 2045 874 am-

148 908 397 989 biguam
417 909 728 977 fluctuare,
768 920 835 963 ut
858 926 1020 964 nunc
1043 903 1452 985 plantigerum
1476 921 1722 979 germen
1746 901 1823 959 ad
1841 913 2043 956 motus

151 991 655 1050 animalculorum
678 987 1137 1055 infusoriorum,
1172 986 1307 1043 luce
1329 984 1723 1052 concitatum,
1751 996 2037 1052 transeat,

149 1095 314 1132 nunc
355 1073 432 1131 ab
474 1071 791 1131 infusoriis
830 1071 894 1128 in
923 1070 1270 1151 plantarum
1305 1067 1578 1144 germina
1605 1065 1915 1126 viridetur.

313 1157 596 1214 Summae
639 1153 863 1232 Algae,
928 1172 1082 1231 quae
1126 1171 1196 1207 ex
1232 1149 1621 1206 multitudine
1667 1146 2042 1226 singularum

151 1237 510 1296 cellularum
549 1237 628 1294 ad
664 1257 852 1291 unum
887 1232 1294 1312 aequabiliter
1327 1230 1451 1289 vita
1475 1230 1786 1309 perfusum
1813 1247 2038 1308 corpus

149 1321 617 1402 conjunctarum
666 1330 980 1382 constant,
1070 1334 1142 1369 ex
1201 1313 1318 1369 hac
1371 1313 1604 1391 majore
1654 1309 2038 1391 perfectione

150 1403 387 1486 species
436 1420 758 1481 sporarum
805 1411 864 1454 et
916 1394 1324 1475 gongylorum
1370 1393 1623 1452 diversis
1664 1393 1864 1450 modis
1909 1390 2038 1449 sor-

143 1499 343 1554 mant,
402 1483 589 1541 modo
625 1481 892 1548 interne,
956 1478 1142 1535 modo
1184 1476 1248 1532 in
1282 1475 1599 1556 superficie
1638 1474 2039 1554 aequabiliter

147 1583 208 1626 et
248 1566 517 1644 legitime
559 1564 872 1644 dispersos
920 1574 1024 1616 aut
1077 1580 1385 1616 connexos
1435 1571 1496 1615 et
1541 1577 1723 1638 saepe
1772 1554 2034 1614 bacillos

147 1647 505 1729 globulosve
551 1658 826 1705 ternatos
869 1640 1257 1700 efformantes
1312 1655 1415 1697 aut
1463 1639 1623 1697 inter
1672 1659 1736 1697 se
1779 1638 2029 1696 liberos.

146 1735 337 1790 Immo
392 1729 579 1787 Fuci
627 1746 817 1805 genus
871 1723 1109 1803 aliaque
1175 1722 1494 1780 subtiliore
1542 1720 1888 1779 evolutione
1939 1719 2032 1776 in-

146 1813 375 1893 signia,
466 1809 766 1891 gongylos
830 1805 1034 1864 ferunt
1101 1803 1379 1885 apicibus
1444 1803 1683 1862 filorum
1745 1802 2030 1861 articula-

145 1912 349 1955 torum
397 1893 729 1952 introrsum
762 1888 1278 1972 propendentium
1320 1887 1608 1955 adnatos,
1668 1885 1753 1942 ita
1790 1899 1855 1941 ut
1891 1884 2030 1942 heic

141 1978 456 2038 cardinem
493 1972 897 2053 vegetationis
941 1970 1117 2050 quasi
1154 1968 1219 2027 in
1256 1990 1622 2047 organorum
1662 1967 2030 2048 primordia-

139 2061 291 2118 lium
346 2059 681 2118 introrsum
735 2074 943 2114 versus
999 2067 1250 2135 peracta
1312 2049 1720 2110 dissolutione
1785 2070 2028 2109 versare

140 2143 376 2202 credas.

302 2223 426 2281 Ubi
454 2220 627 2278 frons
658 2220 736 2278 ad
767 2216 1157 2300 receptacula
1187 2237 1510 2296 sporarum
1541 2235 1605 2272 se
1635 2213 2026 2292 transfigurat

138 2306 393 2389 propria
421 2323 650 2381 organa
675 2324 803 2360 non
831 2315 970 2358 sunt
998 2298 1430 2367 existimanda,
1492 2299 1602 2355 sed
1629 2298 1832 2365 frons,
1878 2318 2024 2376 pro-

138 2391 363 2448 deunte
402 2386 637 2443 fructus
684 2396 1011 2464 apparatu,
1066 2394 1313 2438 mutata.
1401 2380 1561 2436 Hinc
1595 2379 1900 2457 sequitur,
1957 2391 2025 2437 ut

135 2493 253 2530 nec
283 2466 669 2549 receptacula
698 2469 930 2526 fructus
959 2484 1074 2520 nec
1107 2461 1391 2541 capsulas
1417 2461 1586 2538 Algis
1617 2457 2019 2529 attribuerim,

138 2554 322 2612 etiam
373 2552 424 2609 si
480 2571 712 2628 organa
751 2550 904 2606 haec
955 2543 1364 2605 recentissimi
1412 2542 1567 2600 adeo
1614 2557 1898 2600 auctores
1941 2542 2018 2598 iis

133 2634 498 2696 concedant.

296 2719 487 2774 Immo
527 2736 640 2795 per
685 2710 884 2771 omnis
931 2708 1110 2790 hujus
1146 2707 1493 2789 plantarum
1535 2705 1770 2763 ordinis
1815 2702 2020 2762 evolu-

132 2800 334 2859 tiones
369 2798 651 2857 universa
679 2795 861 2876 plane
889 2790 1297 2850 indifferentls
1335 2788 1693 2846 secretionis
1733 2806 2018 2843 mucoso-

132 2904 267 2939 rum
300 2878 688 2959 globulorum
721 2877 922 2954 imago
956 2873 1307 2952 ubicunque
1347 2870 1696 2939 revertitur,
1742 2869 2018 2947 haecque

132 2963 396 3023 secretio
435 2962 665 3040 absque
697 2960 936 3016 interna
969 2955 1246 3014 materiei
1273 2953 1707 3011 contrarietate
1735 2951 1799 3011 in
1825 2949 2017 3007 thallo

132 3047 316 3124 Algas
360 3066 395 3101 a
423 3041 791 3101 Lichenibus
833 3039 1246 3105 disterminat,
1293 3036 1358 3091 in
1400 3034 1618 3114 quibus
1644 3031 2017 3116 posteriori-

131 3129 245 3186 bus
269 3126 509 3206 utique,
553 3139 865 3202 tamquam
890 3119 1178 3179 altiorum
1204 3116 1619 3175 evolutionum
1639 3113 2012 3195 prototypiS,

133 3230 292 3268 nova
322 3208 560 3288 proleS,
618 3205 783 3266 velut
818 3200 1068 3262 effectus
1111 3198 1598 3266 contrarietatis,
1645 3199 1813 3282 *quae
1855 3196 2016 3252 inter

133 3293 425 3370 organica
487 3309 700 3346 eorum
759 3299 1033 3345 texturae
1077 3281 1440 3343 cellulariae
1497 3293 1688 3342 strata
1742 3290 2011 3348 constat,

128 3373 400 3453 emergit.

294 3457 464 3512 Haec
497 3451 840 3518 suffiiciant,
889 3445 1109 3527 quibus
1139 3459 1200 3503 et
1228 3443 1523 3503 terminos
1554 3462 1590 3500 a
1614 3439 1794 3498 nobis
1820 3439 2013 3498 intro-

134 3537 351 3596 ductos
386 3550 447 3593 et
483 3535 671 3594 totius
704 3529 938 3591 ordinis
967 3526 1440 3610 dispositionem
1468 3522 1898 3595 defendamus,
1947 3517 2014 3578 id

135 3632 337 3678 tamen
363 3616 504 3676 heic
539 3613 911 3678 monendum
943 3629 1292 3681 censemus,
1349 3627 1466 3666 nos
1495 3607 1619 3687 jam
1652 3603 2013 3664 hodiernam
