2163 3852
689 131 998 170 unm-mem
1047 115 1078 165 J
1084 126 1508 164 umeunmamtu.
1938 109 2050 166 317

143 281 196 326 F.
244 272 474 324 SEGTIO
518 267 735 315 SEXTA.
1061 261 1268 307 Summa.
1386 259 1693 305 Communes.
1808 221 2046 317 Propriaf:

272 359 900 408 ASPLENIOIDEAE.

220 464 251 517 τί·
307 446 986 523 Amphigastriatae.

345 550 487 596 Asiae
516 544 718 601 '(Javae)
805 565 1117 585 .....
1176 518 1221 580 2.
1282 564 1294 575 .
1356 563 1369 576 .
1431 550 1442 575 .·
1504 562 1516 575 .
1579 563 1593 576 .
1653 548 1665 574 .·
1727 561 1741 575 .
1805 556 1817 569 .
1846 536 1848 539 ’
1878 560 1891 574 .
1949 534 1996 577 2.

342 623 580 670 Brasiliae
652 650 664 662 .
728 648 739 660 .
803 648 815 660 .
858 634 895 684 »a
960 644 971 656 .
1031 643 1043 655 .
1105 641 1118 653 .
1178 613 1200 654 1
1207 632 1888 652 ..........
1952 610 1996 650 1.

343 697 615 745 Australiae
636 697 820 747 (Novae
834 685 1146 740 Seelandiae)
1172 688 1212 730 1.
1294 706 1307 724 ι
1369 711 1381 724 .
1440 711 1453 723 .
1514 711 1526 723 .
1583 711 1598 727 .
1658 711 1670 722 .
1729 694 1744 724 .’
1803 710 1817 724 .
1879 710 1892 722 .
1954 684 1995 726 1.

222 802 288 857 ††
342 782 1084 863 Examphigastri*atae.¹

341 890 567 945 Europae
596 879 789 938 (Angl.)
855 909 865 920 .
930 907 942 918 .
1007 905 1020 918 .
1082 902 1096 916 .
1153 872 1199 918 3.
1255 862 1609 917 Ins-Borb0n‚
1650 863 1726 907 Ja-

1307 935 1413 972 vae,
1433 921 1535 963 Am.
1552 920 1662 963 bor.
1678 928 1728 964 et

1310 987 1461 1023 austr.
1543 1008 1554 1020 .
1619 1008 1631 1020 .
1694 1007 1707 1020 .
1769 981 1810 1023 1.
1879 1004 1891 1016 .
1949 982 1996 1025 2.

343 1075 458 1127 Asia
488 1076 678 1134 (Javae)
707 1098 1097 1119 ......
1132 1070 1201 1114 11.
1262 1059 1755 1128 Europae‚Am.bor.

1260 1121 1431 1163 Brasll.
1470 1120 1590 1177 Cap·
1612 1117 1661 1161 b.
1687 1131 1761 1174 sp.

1315 1178 1415 1220 Ins.
1460 1173 1613 1219 Borb.
1701 1201 1712 1212 .
1774 1177 1814 1220 1.

1260 1252 1429 1296 Novae
1453 1250 1741 1296 Seelandiae
1766 1257 1812 1299 2.

347 1341 544 1397 Africae
579 1345 797 1402 (Oware)
859 1373 872 1387 .
933 1373 945 1384 .
1009 1371 1021 1383 .
1084 1370 1096 1381 .
1147 1341 1204 1395 41.
1266 1335 1505 1380 Brasiliae
1553 1366 1566 1378 .
1629 1366 1641 1378 .
1705 1366 1719 1379 .
1782 1340 1821 1383 1.

429 1427 545 1483 Cap.
571 1424 624 1467 b.
655 1437 725 1480 sp.
754 1421 798 1473 ὓ)
862 1445 874 1457 .
940 1445 952 1457 .
1016 1446 1027 1457 .
1087 1445 1100 1457 .
1161 1418 1205 1460 2.
1265 1411 1371 1454 Am.
1397 1418 1529 1469 trop.
1557 1440 1571 1454 .
1631 1441 1644 1454 .
1704 1440 1719 1455 .
1778 1346 1855 1530 2}
1955 1415 1977 1458 1

424 1500 520 1545 Isle
551 1498 609 1541 de
634 1501 823 1540 Franco
863 1520 875 1533 ·
939 1523 951 1534 .
1012 1521 1026 1534 .
1088 1520 1103 1537 .
1160 1493 1204 1536 2.
1262 1487 1452 1544 Europ.-
1479 1486 1585 1528 Am.
1621 1513 1635 1526 .
1701 1513 1714 1527 .
1778 1491 1821 1532 1.

349 1583 602 1629 Americae
630 1577 850 1636 tropicae

419 1664 689 1716 Jamaicae‚
735 1656 1010 1703 Guadalou-

448 1754 546 1799 pe,
587 1736 856 1781 Brasiliae.
935 1761 947 1773 .
1009 1759 1022 1772 .
1081 1758 1094 1771 .
1153 1725 1200 1774 5·
1261 1723 1457 1769 Africae
1489 1723 1718 1780 (Oware)
1771 1730 1814 1772 1.
1877 1756 1890 1768 .
1949 1725 1998 1772 4.

342 1816 594 1861 Americae
627 1809 844 1855 borealis
921 1834 934 1847 .
1002 1832 1012 1844 ·
1081 1831 1092 1844 ·
1155 1809 1201 1850 1³
1263 1801 1521 1859 Europae,
1558 1799 1718 1844 Asiae.
1782 1806 1821 1848 1.
1890 1831 1899 1841 .
1958 1809 2003 1848 o,

343 1901 526 1944 Terrae
563 1894 787 1940 australis
820 1893 1006 1945 (Novae

427 1971 715 2017 Hollandiae
737 1977 784 2012 et
811 1967 974 2012 Novae
1260 1958 1502 2006 Jamaicae
1537 1987 1549 1998 .
1613 1987 1626 2000 .
1694 1984 1706 1998 .
1771 1964 1808 2005 1.
1878 1958 1881 1961 ’

426 2046 740 2098 Seolandiae)
761 2067 1091 2084 .....
1151 2043 1198 2085 7.
1260 2037 1409 2080 Javae
1451 2063 1466 2099 ‚⁶
1534 2064 1545 2076 .
1611 2064 1624 2076 .
1691 2062 1704 2075 .
1763 2042 1808 2083 2.
1950 2009 1998 2057 4·

154 2182 396 2226 Summa
441 2164 797 2238 specierum
828 2167 1433 2230 Asplenioidearum
1461 2170 1538 2213 26.
1629 2165 1942 2223 propriae
1978 2172 2055 2214 22,

286 2291 745 2346 Observatio.
796 2283 1066 2338 Numerus
1107 2282 1443 2351 specierum,
1498 2280 1555 2329 in
1590 2279 1686 2330 hac
1721 2280 1898 2330 tabula
1932 2285 2056 2347 geo-

148 2365 403 2434 graphica
422 2363 831 2428 descriptarum,
850 2371 931 2408 est
952 2357 1072 2416 352,
1095 2354 1447 2422 quiquidem,
1468 2351 1534 2400 ob
1551 2351 1787 2400 incertas
1805 2352 2059 2419 quasdam
2100 2362 2102 2364 ’

151 2437 367 2503 species
400 2436 466 2484 ad
497 2435 599 2495 340
629 2432 941 2487 diminutus,
979 2447 1006 2477 a
1033 2426 1191 2475 nobis
1215 2425 1420 2473 calculo
1441 2434 1522 2472 est
1540 2421 1825 2484 subjectus.
1904 2425 2059 2470 Patet

152 2518 330 2557 autem
365 2523 431 2554 ex
458 2504 637 2554 tabula
658 2513 840 2550 nostra
865 2539 876 2561 ‚
919 2501 1061 2548 inter
1079 2497 1180 2546 352
1214 2494 1422 2560 speeies
1443 2509 1539 2541 222
1563 2509 1684 2541 esse
1716 2492 1937 2559 singulis
1953 2503 2062 2540 ter-

150 2595 244 2628 rae
267 2576 605 2645 regionibus,
651 2566 1425 2639 supramemoratis,proprias
1447 2575 1500 2612 et
1527 2562 1594 2612 30
1613 2595 1677 2602 —-
1696 2572 1781 2623 40,
1823 2565 1857 2610 i.
1883 2580 1926 2611 e.
1954 2562 2062 2611 eir-

158 2649 300 2699 citer
342 2650 411 2715 '1³5
460 2647 729 2705 omnium,
781 2642 1027 2709 pluribus
1061 2654 1388 2687 communes.
1465 2637 1720 2699 Europae
1772 2635 1914 2682 inter
1965 2632 2063 2682 105

154 2718 369 2785 species
428 2728 487 2784 ¹7
539 2727 662 2765 sunt
713 2712 1034 2781 praesertim
1084 2708 1267 2757 Indiae
1330 2704 1653 2756 occidentali
1703 2714 1757 2753 et
1805 2703 2061 2753 orientali

152 2789 400 2855 tropicae
449 2804 792 2844 communes,
849 2783 940 2833 ubi
975 2781 1236 2830 montium
1274 2776 1396 2843 juga
1447 2774 1704 2824 incolunt.
1792 2775 1918 2823 Asia
1950 2785 2064 2823 tro-

109 2901 115 2908 .
152 2860 276 2926 pica
308 2859 452 2909 inter
484 2859 579 2908 108
616 2856 831 2922 species
860 2866 928 2915 40
961 2851 1133 2901 nutrit
1166 2850 1450 2899 Americae
1489 2845 1765 2911 tropicae,
1823 2857 1932 2893 tum
1966 2844 2062 2893 ali·
2089 2864 2091 2866 ’

138 2940 290 2998 ‘quot
329 2929 492 2979 etiam
544 2928 740 2978 Insulis
785 2921 1150 2980 Mascarenis‚
1202 2922 1386 2969 Novae
1421 2915 1704 2966 selandiae
1767 2915 1852 2964 vel
1885 2919 2063 2972 Euro-

153 3017 255 3067 pae
288 3000 638 3049 Amerieaeve
678 2994 993 3064 temperatis
1035 3003 1088 3041 et
1127 2987 1512 3057 frigidioribus
1551 3002 1877 3036 communes.
1920 2988 2063 3035 Con-

152 3081 236 3120 tra
271 3087 331 3120 ea
370 3087 500 3122 vero
550 3073 754 3119 Terrae
801 3065 1056 3116 australes
1101 3062 1245 3112 inter
1297 3059 1363 3109 30
1404 3057 1618 3125 species
1663 3057 1751 3107 vix
1784 3074 1940 3105 unam
1978 3051 2065 3105 vel

157 3141 380 3191 alteram
409 3140 734 3199 ostendunt,
775 3139 843 3188 iis
886 3154 995 3185 non
1038 3132 1333 3201 propriam.
1410 3128 1573 3202 Quod
1622 3128 1804 3194 itaque
1840 3128 1895 3174 in
1929 3124 2065 3174 reli-

159 3230 266 3280 quo
304 3229 472 3279 regno
506 3210 795 3278 vegetabili
830 3207 1174 3258 observatum
1203 3213 1302 3261 est,
1331 3200 1521 3249 Terris
1550 3198 1873 3248 australibus
1912 3196 2062 3261 plan-

157 3292 239 3333 tas
275 3300 433 3351 quam
472 3274 730 3349 plurimas
770 3296 889 3330 esse
940 3275 1275 3344 peculiares,
1330 3286 1642 3321 communes
1695 3267 2062 3335 paucissimae,

244 3508 293 3562 θ’)
324 3507 366 3555 J.
395 3508 597 3570 Simplex
625 3507 780 3554 Herb·
812 3504 960 3549 VVeb·
991 3512 1062 3548 est
1081 3505 1122 3545 J.
1155 3501 1429 3554 «splenioides
1452 3506 1483 3555 β
1516 3499 1715 3539 australis
1743 3493 1880 3538 mihi.
