2163 3852
186 121 289 172 248
494 143 502 151 »
811 116 1115 162 Licumvns.
1183 113 1451 162 anmm.

325 265 569 318 Varietas
601 261 783 311 habitu
810 272 958 312 terso
995 261 1277 328 nitidoque
1310 261 1536 329 insignis
1575 258 1665 320 (ad
1700 257 2062 309 Lecideam

188 350 254 386 te
275 352 457 385 rsam
510 332 661 383 Ach.
715 348 871 398 supra
916 333 1129 380 citatam
1177 334 1417 396 proxime
1471 329 1776 392 accedens).
1847 327 2066 378 Thallus

189 416 499 456 crustaceus
537 400 754 451 tenuior
791 419 946 469 quam
983 401 1330 468 praecedens,
1371 397 1724 469 aequabiliter
1761 408 1815 447 et
1847 414 2068 465 gyroso-

188 474 530 544 granulatus‚
587 471 954 532 duriusculus,
1011 471 1258 519 cinereus
1297 481 1453 538 atque
1492 467 1806 518 densissime
1843 479 2067 533 punctu,-

188 547 257 595 lis
313 542 484 610 nigris
551 540 878 607 (apotheciis
945 540 1126 589 forsan
1187 539 1476 598 abortivis,
1550 538 1687 587 sicut
1753 535 2067 602 cephalodia

186 614 339 664 fusca
375 610 593 661 Acharii
633 610 687 658 in
722 613 782 659 L.
837 622 1030 660 tersa
1081 620 1201 658 sunt
1248 610 1533 659 Friesio
1584 605 1864 672 apothecia
1900 608 2065 655 Par-

185 682 439 733 meliae
481 679 886 743 subfuscae)
926 679 1193 744 adspersa.
1262 679 1558 744 Apothecia
1591 677 1763 725 minus
1803 675 2066 735 conferta,

186 763 499 802 constanter
550 763 731 799 exacte
782 749 1133 807 orbicularia,
1203 750 1443 817 margine
1495 747 1843 797 nitidiusculo
1898 745 2070 814 persi-

187 832 393 882 stente,
443 819 592 870 disco
629 818 841 886 juniore
881 818 1214 886 planiusculo
1266 819 1320 867 in
1359 817 1628 869 nonnullis
1667 816 2069 875 cinerascente,

188 903 378 941 centro
417 907 539 939 mox
577 890 952 956 prominente,
1022 889 1232 937 demum
1281 889 1432 940 valde
1487 904 1759 947 convexo,
1817 887 2071 935 aterrimo

188 961 287 1011 sub
341 961 485 1009 lente
537 960 849 1007 tenuissime
898 975 1105 1025 aspero.
1179 958 1263 1007 Ad
1317 959 1614 1008 sectionem
1667 955 2072 1022 apotheciorum

187 1031 513 1081 adultiorum
562 1028 702 1078 infra
741 1027 1080 1095 superficiem
1118 1045 1253 1078 zona
1291 1027 1510 1077 dilutius
1548 1027 1783 1077 colorata
1820 1025 2072 1076 observa-

183 1111 291 1149 tur.
365 1098 579 1148 Thecae
628 1115 821 1165 parvae
870 1098 1145 1171 ellipticae
1195 1098 1451 1168 utrinque
1503 1095 1939 1164 subcuspidatae,
1990 1110 2074 1147 se-

185 1171 291 1220 mel
333 1169 626 1219 annulatae.

330 1263 558 1328 Crescit,
597 1271 658 1312 ut
685 1263 1029 1330 praecedens,
1078 1263 1132 1313 in
1164 1262 1360 1312 cortice
1395 1259 1772 1330 Rlzizoplzorae
1806 1257 2073 1328 Mangles

186 1345 240 1386 et
281 1332 733 1403 Lagunculariae
768 1351 1074 1384 racemosae
1104 1351 1275 1402 prope
1314 1331 1566 1384 Balu'cem.

325 1434 387 1481 L.
457 1441 789 1499 punctata
807 1468 820 1492 ‚
916 1430 1371 1498 punctiformi
1391 1449 1408 1475 a·
1429 1448 1443 1494 3
1539 1441 1714 1479 crusta
1787 1428 2077 1484 laminoso-

187 1502 589 1560 membranacea
648 1501 829 1551 albido
843 1531 863 1540 -
880 1503 1250 1553 cinerascente
1270 1537 1282 1563 ‚
1353 1499 1650 1567 apotheciis
1701 1497 2077 1551 minutissimis

192 1571 571 1623 subsessilibus
608 1571 918 1638 marginatis
957 1571 1103 1621 atris.

324 1659 561 1711 Lecidea
607 1669 889 1725 punctam,
943 1677 1051 1711 var.
1104 1657 1512 1727 punctiformis‚
1568 1654 1706 1707 Flke
1746 1655 1801 1706 in
1847 1653 2073 1707 Schrad-

402 1728 470 1778 N.
508 1727 704 1781 Journ.
740 1727 836 1779 IV.
880 1747 937 1795 p.
976 1728 1061 1795 37.
1102 1756 1167 1765 —
1219 1725 1436 1778 Schaer.
1476 1725 1660 1794 Spicil.
1704 1745 1758 1795 p.
1799 1728 1910 1788 154.

328 1817 650 1873 Verrucaria
691 1827 974 1884 punctam,
1039 1835 1148 1869 var.
1188 1815 1598 1883 punctiformis‚
1651 1809 1855 1882 Hoffm.
1901 1810 2079 1864 Deul-

394 1885 527 1936 sclzl.
570 1883 653 1937 Fl.
693 1885 769 1935 IJ.
823 1905 880 1954 p.
927 1886 1040 1954 193.

331 1975 541 2026 Lichen
597 1974 867 2042 pinicola‚
928 1972 1071 2025 Ach.
1114 1971 1305 2023 Proclr.
1354 1991 1410 2041 p.
1451 1970 1535 2024 66.
1595 2004 1665 2015 --
1727 1970 1897 2041 Engl.
1947 1968 2078 2021 Bot.

403 2047 514 2095 tab.
563 2047 710 2095 1851.
745 2041 865 2113 fig.
913 2065 957 2095 1.

336 2133 623 2184 Patellaria
669 2133 1036 2199 myriocarpa‚
1090 2130 1181 2182 De
1232 2131 1403 2182 Cand.
1447 2128 1534 2185 Fl.
1569 2129 1669 2183 Fr.
1707 2128 1783 2181 II.
1833 2148 1890 2198 p.
1927 2127 2048 2191 346.

329 2222 566 2272 Lecidea
608 2239 882 2289 parasema
937 2241 968 2270 ε.
1020 2233 1271 2289 punctata
1321 2233 1375 2272 et
1423 2242 1459 2270 n.
1511 2221 1875 2287 myriocarpa‚
1939 2215 2082 2267 Ach.

405 2288 566 2340 Liclz.
607 2297 753 2341 univ.
801 2310 858 2359 p.
907 2294 1017 2359 ¹75·
1060 2289 1195 2360 Syn.
1239 2310 1292 2354 p.
1334 2308 1414 2357 17.
1463 2299 1536 2345 18·

333 2381 572 2500 Lecideg
608 2398 882 2449 parasema
918 2399 965 2437 γ.
1005 2381 1404 2448 punctiformis‚
1454 2377 1744 2430 Wahlenb.
1783 2374 1869 2428 Fl.
1900 2373 2083 2444 Lapp.

338 2458 882 2607 Lezitidleaqparasema
919 2547 968 2594 β.
997 2550 1262 2605 punctam,
1298 2536 1450 2588 Flloe.
1484 2535 1653 2588 Dent.
1683 2535 1840 2586 Lich.
1879 2549 1954 2584 120-
1998 2536 2084 2586 81.

342 2626 579 2678 Lecidea
615 2639 896 2695 punctam,
935 2624 1216 2695 Sommerf.
1257 2624 1443 2695 Suppl.
1483 2623 1664 2696 Lapp.
1700 2644 1752 2686 p.
1802 2627 1916 2677 152.

343 2724 631 2790 Specimen
669 2727 929 2774 minutum
966 2726 1263 2776 accuratius
1300 2744 1404 2774 non
1439 2722 1798 2775 difiniendum.
1872 2721 2088 2775 Thallus

201 2805 507 2844 crustaceus
545 2797 750 2857 tenuis,
803 2795 1019 2846 sordide
1062 2796 1298 2855 albidus,
1339 2797 1394 2844 in
1443 2792 1676 2844 confinio
1713 2791 2086 2861 nigro-limita·

200 2872 306 2912 tus·
378 2864 680 2930 Apothecia
724 2866 1139 2933 punctiformia,
1196 2862 1497 2933 perithe'cio
1534 2864 1597 2913 ad
1640 2863 1936 2914 sectionem
1972 2875 2091 2913 ver-

201 2932 416 2987 ticalcm
470 2935 788 3000 profundius
837 2937 1078 3003 cupulari
1127 2935 1580 3003 hemisphaerico.
1655 2933 1899 2994 Thecae‚
1956 2947 2091 3001 quae

203 3002 476 3054 varietatis
511 3006 905 3072 praecedentis.

346 3097 549 3150 Crescit
609 3102 683 3151 ad
736 3102 987 3152 corticem
1050 3102 1305 3151 arborum
1365 3100 1858 3169 sempervirentitzm
1918 3114 2090 3167 prope

202 3165 437 3220 Bahiam
482 3168 716 3239 confinis
756 3172 1023 3241 Graplzicli
1066 3191 1293 3223 venosae
1326 3191 1443 3222 var.
1481 3172 1767 3241 elongatae
1805 3179 1855 3220 et
1901 3173 2091 3220 Verru-

203 3238 385 3290 cariae
422 3240 793 3293 ochroleucae.

340 3337 594 3390 Adnot.
669 3341 1091 3407 Apotheciorum
1145 3342 1396 3393 minuties
1450 3360 1550 3410 pro
1607 3339 1808 3406 majore
1862 3348 2014 3406 parte
2063 3354 2093 3387 a

203 3407 444 3457 matricis
471 3408 679 3461 duritie
718 3413 773 3460 in
808 3412 1094 3463 arboribus
1133 3411 1644 3481 sempervirentibus
1682 3409 1910 3478 tropicis
1948 3424 2094 3460 com·

204 3476 440 3527 muniter
493 3478 652 3532 obvia
693 3483 933 3547 pendere
982 3483 1213 3535 videtur.
