2163 3852
191 162 298 216 276
794 133 1094 192 mensum.
1159 138 1459 189 Cmnonu.

199 304 458 356 ulteriore
498 301 692 348 iterum
738 292 1043 357 iterumque
1089 305 1256 337 novus
1303 287 1474 337 oritur
1521 282 2071 352 ramuspadscendeni

199 378 375 428 denuo
414 364 722 439 genuflexus
757 363 813 410 in
852 361 1040 427 quovis
1078 357 1269 424 angulo
1309 373 1504 424 gerens
1542 355 1898 421 apothecium.

339 481 538 535 Crescit
584 481 634 529 in
674 475 846 545 sylvis
864 470 1040 539 fluvii
1076 472 1431 521 Amazonum.

337 601 584 651 Adnot.
653 591 897 643 Varietas
954 587 1297 655 podetiorum
1358 584 1620 634 tenuitate
1687 594 1740 632 et
1807 581 2073 631 divisione

199 680 506 724 constanter
569 663 730 712 bifida
784 657 1128 727 praecedenti
1182 655 1447 722 proxima,
1524 653 1586 702 ab
1640 652 1885 712 omnibus
1943 668 2075 700 vero

199 739 496 809 apotheciis
535 753 638 784 non
679 729 1043 781 terminalibus
1083 727 1361 782 distinma,
1422 735 1478 773 ut
1516 724 1743 788 plantam
1790 723 1834 770 si
1871 719 2075 788 prolifi-

196 811 337 862 catio
377 808 472 859 ista
514 823 681 874 acque
720 813 965 851 constans
1006 798 1074 847 sit
1112 814 1169 845 ac
1204 797 1291 844 illa
1330 793 1712 845 Cladoniae
1750 786 2079 843 v'erticil-

196 883 408 937 latae,
462 894 631 943 aequo
685 873 799 939 j'ure
841 888 937 936 pro
991 867 1173 933 specie
1226 864 1515 932 peculiari,
1573 863 1776 920 inclusa
1823 861 2078 911 varietate

198 948 589 1019 praecedente,
633 941 819 992 haberi
859 939 1059 1005 possit3
1098 938 1238 985 inter
1277 935 1593 984 domesticas
1633 933 1723 982 Cl.
1764 928 2082 998 rangife-

199 1021 402 1071 rinae
454 1015 737 1067 varietates
785 1009 1121 1076 podetiorum
1170 1005 1382 1074 quidem
1433 1003 1634 1052 similes
1685 1002 1889 1052 formae
1938 999 2079 1050 unci-

200 1101 354 1139 natae
410 1088 553 1148 (var.
595 1084 912 1148 lappacea
950 1077 1148 1138 Fllse)
1202 1076 1503 1140 descriptae
1552 1085 1700 1130 sunt,
1743 1084 1793 1120 at
1837 1070 2087 1132 steriles;

201 1161 301 1210 alia
340 1158 466 1206 dein
507 1154 744 1218 exempla
797 1148 1166 1216 productionis
1207 1147 1482 1193 uncinatae
1521 1141 1728 1208 podetii
1780 1143 1918 1192 ultra
1955 1157 2082 1206 apo·
2156 1150 2160 1156 '

201 1228 381 1282 thecia
418 1227 472 1276 in
510 1220 958 1273 Eucladoniis
996 1235 1101 1267 non
1141 1216 1356 1266 omnino
1395 1213 1597 1262 desunt.

667 1432 733 1471 10.
793 1431 1174 1470 GLADONIA
1259 1427 1619 1467 PUNGENS.

348 1552 424 1602 Cl.
464 1548 699 1616 podetiis
750 1546 1037 1613 gracilibus
1088 1541 1466 1592 ramosissimis
1518 1536 1822 1589 divaricatis
1869 1534 2087 1585 nudius-

207 1625 342 1675 culis
396 1617 852 1669 subverruculosis
903 1612 1370 1672 albido-cincreis
1427 1611 1509 1659 vel
1564 1606 1972 1660 livido-fuscis,
2030 1603 2088 1652 in

207 1697 352 1744 sicco
390 1688 783 1756 fragilissimis,
833 1685 1049 1733 ramulis
1086 1685 1250 1731 rectis
1287 1681 1566 1730 furcillatis
1610 1674 2090 1743 subpungentibus,

207 1761 507 1830 apotheciis
563 1755 921 1805 subsolitariis
977 1753 1205 1819 sparsis,
1277 1753 1358 1801 vel
1420 1749 1721 1817 aggregatis
1785 1761 2091 1819 racemosu-

210 1829 544 1898 corymbosis
581 1827 762 1875 fuscis».

356 1939 580 2003 Florae,
618 1957 804 1989 comm.
843 1954 1001 1987 nova.
1034 1954 1087 2003 p.
1135 1938 1245 1986 150.

351 2039 559 2092 Lichen
597 2053 870 2103 pungens,
928 2033 1067 2083 Aclz.
1110 2030 1304 2082 Prodr.
1339 2048 1394 2096 ρ.
1431 2045 1549 2081 202.
1586 2054 1654 2067 ·-
1713 2024 2096 2091 (Baeomyces)

422 2107 587 2167 ejusd.
627 2105 806 2155 filcile.
849 2104 971 2153 liclz.
1016 2123 1069 2171 ρ.
1109 2104 1227 2164 354.

353 2204 608 2257 Cladonia
644 2201 1016 2270 rangiformis,
1054 2195 1256 2267 Hoff'm.
1299 2196 1454 2248 Flor.
1489 2195 1675 2246 Germ.
1737 2211 1793 2261 p.
1835 2200 1942 2252 ¹¹4·

348 2304 645 2365 Cenomyce
714 2298 1094 2365 rangiformis,
1175 2294 1293 2345 Fllf.
1354 2293 1521 2343 Dent.
1572 2289 1732 2341 Lich.
1788 2289 1833 2340 I.
1903 2310 1959 2358 ρ.
2021 2304 2098 2338 ια.

418 2386 493 2421 11⁰·
549 2371 624 2419 18.
666 2397 734 2405 --
798 2366 1001 2417 ΡιιιιεΙί.
1046 2373 1307 2435 (Ῐ,.’1’)·ρίοέ.
1350 2366 1497 2414 (iau).
1537 2377 1614 2412 ΠΟ·
1660 2365 1778 2424 542.

360 2471 661 2588 Οθηοῐέἔοε
710 2465 918 2516 furcata
965 2484 994 2515 ε.
1032 2482 1311 2532 pungens,
1370 2460 1509 2510 Aclz.
1562 2457 1895 2525 Lichenogr.
1951 2455 2104 2505 univ.-

422 2557 478 2605 ρ.
595 2553 640 2585 2.

359 2637 660 2698 Cenomyce
694 2631 1026 2700 rangiferina
1062 2625 1098 2679 δ.
1139 2646 1413 2697 pungens,
1453 2627 1592 2677 Ach.
1626 2608 1769 2694 Syn.
1805 2644 1863 2691 ρ.
1903 2624 2018 2687 278.

361 2749 588 2800 Podetia
643 2758 822 2796 nostra
892 2745 1099 2794 sterilia
1157 2744 1514 2793 erectiuscula
1571 2755 1623 2793 et
1692 2737 2102 2795 adscendentia,

226 2819 434 2888 rigida,
492 2818 730 2875 firmula,
799 2816 865 2865 ad
914 2815 1091 2881 apices
1139 2814 1379 2879 fragilia,
1437 2832 1670 2872 ramosa,
1732 2814 1785 2860 in
1839 2807 2105 2874 caespites

226 2892 365 2942 latos
410 2889 696 2955 depressos
737 2886 972 2936 unciales
1012 2897 1290 2951 congesta,
1333 2885 1716 2948 glabriuscula,
1758 2882 2003 2935 cinerea,
2042 2875 2109 2925 ad

227 2962 429 3011 lentem
468 2960 683 3007 maculis
727 2955 1390 3006 cinereo-virescentibus·
1431 2958 1484 3016 (e
1523 2967 1684 3004 strato
1723 2950 1963 3001 corticali
1997 2946 2107 3013 pri-

233 3031 401 3080 mario
443 3029 716 3093 disrupto,
773 3043 943 3094 aequo
983 3024 1139 3074 modo
1179 3042 1238 3074 ac
1278 3026 1330 3072 in
1377 3024 1714 3086 domesticis)
1774 3023 1826 3070 in
1867 3018 2111 3069 substan·

232 3100 310 3150 tia
363 3098 667 3164 subjacente
725 3096 838 3146 alba
890 3106 1101 3152 notata,
1166 3095 1357 3162 quibus
1409 3095 1531 3142 dein
1592 3092 1849 3160 dispersis
1901 3089 2113 3153 integra

236 3168 635 3220 candificantur.
701 3166 855 3217 Rami
893 3165 1284 3215 subdichotomi
1317 3176 1370 3214 et
1400 3163 1792 3220 subdivaricati,
1829 3158 1983 3216 recti,
2034 3155 2112 3204 ul-

233 3239 356 3289 timi
392 3237 654 3305 spinulosi
687 3248 1015 3304 pungentes,
1054 3236 1205 3302 apice
1245 3235 1454 3302 saepius
1487 3234 1831 3303 nigricantes.
1903 3224 2114 3278 Axillae

237 3321 506 3377 pertusae.

375 3430 576 3485 Crescit
615 3431 667 3482 in
694 3432 868 3501 sylvis
886 3429 1062 3498 fluvii
1096 3432 1449 3483 Amazonum.
