2163 3852
159 99 265 155 112
751 97 1058 150 Lucanus.
1127 96 1447 150 Δι’τιοιιι.

307 245 517 300 Achar.
551 243 686 315 Syn.
715 263 772 314 p.
800 263 853 312 7.

303 336 455 387 Icon.
485 333 578 385 sel.
610 341 863 402 cry-ptog.
895 331 1006 386 tab.
1034 351 1084 403 9.
1103 327 1217 405 fig.
1245 350 1295 386 α.

303 426 541 495 Spiloma
579 423 848 473 maculans
893 433 948 473 et
994 421 1259 475 Arthonia
1302 421 1649 483 bombacina,
1703 419 1911 474 Acbar.
1944 418 2038 473 Li-

375 493 627 561 chenogr.
657 511 716 561 p.
762 491 857 544 136
890 500 942 543 et
985 492 1098 571 ¹4³?

302 609 518 660 Thallus
559 619 890 668 crustaceus,
942 607 999 657 in
1047 606 1234 675 priore
1279 605 1404 658 loco
1436 606 1599 657 natali
1633 606 2037 670 crassiusculus,

163 701 191 732 a
220 679 579 748 praecedente
607 697 790 745 parum
827 678 1070 728 diversus
1095 693 1196 728 nec
1233 693 1364 728 vero
1402 678 1732 745 variegatus,
1773 678 1827 726 in
1861 688 2039 728 caete·

162 752 239 801 ris
294 750 430 799 locis
483 751 702 799 tenuior
748 748 1135 798 sublaminosus
1192 747 1486 807 secedens,
1556 748 2036 814 nigro-limitatus,

161 822 217 870 in
254 819 461 872 duobus
486 819 836 869 ulterioribus
864 818 1046 868 forsan
1078 816 1541 884 hypophloeodes.
1619 817 1911 884 Apothecia
1930 835 2038 867 ma-

160 891 371 949 culosa,
412 888 720 948 difformia,
773 905 1040 956 nunquam
1076 886 1391 951 rotundata,
1446 887 1654 954 juniora
1691 907 1716 937 a
1749 888 1910 937 thallo
1941 887 2039 938 ob-

155 972 303 1011 tecta
332 961 538 1017 caesia,
578 959 841 1008 exsiccata
879 957 1065 1025 plana,
1120 957 1337 1007 humida
1386 958 1555 1025 magis
1593 958 1832 1007 minusve
1876 958 2037 1007 tumi-

159 1030 310 1089 dula,
366 1028 730 1095 magnitudine
791 1027 1017 1077 diversa.
1105 1026 1319 1078 'I'hecae
1386 1028 2034 1095 oblongo-cylindricae,

157 1100 349 1159 binae,
390 1109 591 1160 ternae,
630 1108 952 1163 septenaeve
980 1096 1118 1147 ascis
1150 1098 1326 1148 ovatis
1358 1097 1617 1157 inclusae,
1658 1098 2039 1166 magnitudinis

156 1170 367 1228 variae,
409 1167 635 1217 annullis
666 1167 730 1216 ab
768 1170 929 1216 unico
958 1183 1127 1234 usque
1161 1166 1481 1236 quindenis,
1521 1168 1576 1217 in
1596 1168 1780 1234 priore
1815 1180 1869 1219 et
1900 1168 2036 1218 ulte·

157 1241 305 1290 tiore
336 1240 457 1289 loco
492 1238 650 1288 natali
690 1237 986 1307 quadratim
1014 1235 1309 1286 cellulosis.

301 1344 501 1395 Crescit
534 1344 605 1392 ad
642 1343 849 1394 eosdem
889 1342 1118 1393 cortices
1163 1361 1283 1393 cum
1318 1341 1707 1407 praecedente,
1746 1342 1840 1393 sed
1872 1341 2033 1392 indi,

159 1416 326 1466 versis
353 1414 727 1482 speciminibus
766 1412 920 1463 nullo
965 1413 1073 1463 alio
1109 1412 1318 1463 lichene
1358 1413 1614 1477 obtectis5
1664 1413 1736 1461 ad
1781 1413 2032 1463 corticem

156 1484 393 1536 aliarum
433 1485 689 1534 arborum
713 1481 1114 1553 frondosarum
1153 1502 1324 1552 prope
1358 1482 1624 1546 Bahiam,
1668 1479 1895 1548 confinis
1926 1481 2034 1534 Le-

158 1556 340 1606 cideae
354 1551 715 1624 serrzzgineae
745 1573 861 1604 var.
888 1554 1167 1604 coccineae
1191 1564 1241 1604 et
1262 1553 1527 1622 Graphidi
1554 1553 1880 1622 duplicatae,
1914 1554 2037 1605 dein

153 1645 324 1695 prope
366 1624 638 1675 i‘lIarachs
682 1625 735 1674 in
769 1624 966 1675 cortice
1000 1624 1137 1693 ligni
1175 1623 1332 1675 rubri
1363 1619 1592 1688 confinis
1620 1622 1925 1674 Parmeliae
1949 1643 2037 1675 ru-

156 1694 288 1746 brae
329 1714 445 1746 var.
480 1695 743 1763 puniceae
773 1704 824 1745 et
869 1695 1223 1746 Verrucariae
1258 1694 1546 1762 aspisteae,
1611 1695 1827 1744 tandem
1867 1712 2038 1762 prope

156 1761 339 1831 Para',
384 1761 614 1830 confinis
657 1766 1011 1816 Verrucariae
1037 1765 1387 1831 subapertae,
1436 1783 1551 1815 var.
1580 1761 1746 1831 flavo
1765 1762 2002 1836 -fuscae,

296 1873 544 1924 Adnot.
622 1874 700 1923 An
733 1874 1021 1941 specimina
1055 1873 1256 1940 prioris
1291 1874 1398 1923 loci
1436 1874 1624 1923 na'talis
1667 1874 1890 1923 eandem
1920 1889 2041 1923 cum

159 1945 521 2012 praecedente
570 1945 798 1994 habeant
847 1944 1195 2006 affinitatem,
1254 1962 1360 1993 non
1405 1945 1605 2013 liquet3
1658 1945 1882 1994 secundi
1934 1945 2042 1994 loci

157 2015 450 2082 specimina
489 2015 553 2063 ad
580 2014 991 2082 Graphidem
1033 2014 1454 2080 duplicatam
1494 2012 1756 2064 confinem
1795 2014 2038 2081 proxime

159 2095 431 2151 spectant,
501 2085 564 2133 ab
609 2086 795 2135 eadem
846 2085 900 2133 in
952 2085 1096 2134 binis
1156 2085 1370 2151 quidem
1418 2086 1802 2151 speciminibus
1845 2085 2041 2134 lineola

157 2155 343 2221 nigra,
383 2155 436 2202 in
469 2157 633 2204 tertio
664 2173 792 2205 vero
829 2156 1067 2223 margine
1096 2155 1241 2205 nullo
1281 2155 1550 2220 sejuncta,
1591 2155 1892 2220 apotheciis
1920 2171 2037 2205 cae-

156 2235 335 2274 terum
376 2224 462 2273 hic
500 2227 778 2293 utriusque
818 2226 1034 2292 generis
1087 2243 1191 2273 non
1243 2225 1545 2275 commixtis
1593 2225 1830 2292 quamvis
1877 2225 2041 2273 utris-

160 2312 264 2362 que
313 2310 431 2343 cum
489 2295 707 2344 corticis
777 2293 988 2345 fibrinis
1052 2295 1514 2362 longitudinaliter
1568 2296 1837 2357 extensi53
1886 2295 2038 2344 tertii

157 2365 266 2414 loci
304 2366 594 2429 specimina
650 2367 923 2432 pertinent
975 2366 1057 2416 vel
1111 2366 1174 2414 ad
1222 2363 1487 2414 confinem
1540 2365 2039 2419 Verrucariam

158 2435 524 2501 aspisteam
562 2435 644 2484 vel
684 2435 746 2484 ad
786 2435 1220 2503 Graphidem
1267 2437 1564 2495 Comma,
1624 2436 1676 2484 in
1717 2436 1822 2484 alio
1863 2433 2040 2501 speci-

154 2505 300 2554 mine
340 2505 576 2570 ejusdem
619 2506 750 2572 ligni
787 2506 937 2555 rubri
973 2506 1321 2573 ejusdemque
1359 2505 1597 2572 regionis
1626 2505 2036 2566 obvenientem3

158 2575 333 2642 quarti
374 2575 583 2623 tandem
635 2576 743 2624 loci
796 2578 985 2626 natalis
1034 2576 1310 2643 specimen
1353 2574 1517 2625 thallo
1573 2575 1766 2643 gaudet
1816 2576 2037 2625 omnino

157 2644 379 2703 eodem,
423 2663 528 2711 quo
571 2645 869 2712 Graphis
906 2647 1267 2714 triquetra
1312 2643 1370 2693 in
1420 2644 1610 2695 eodem
1666 2645 1889 2696 corticis
1925 2643 2038 2694 fru-

158 2713 298 2764 stulo
336 2715 592 2763 remotius
633 2714 849 2782 degens.

298 2820 359 2870 A.
412 2821 517 2887 pol
540 2822 888 2889 ymorpha,
941 2821 1192 2890 glauco
1217 2852 1236 2861 ·
1258 2821 1450 2872 fusca
1474 2838 1489 2885 3
1533 2822 1565 2876 'l'
1600 2831 1778 2872 crusta
1811 2819 2039 2870 lamino-

158 2907 219 2941 so
235 2890 670 2941 -membranacea
708 2892 891 2959 glauca
910 2929 923 2952 ,
982 2892 1282 2959 apotheciis
1321 2892 1665 2959 planiusculis
1703 2889 2035 2942 difformiter

154 2960 422 3028 angulosis
462 2961 728 3013 scabrosis
767 2963 937 3030 nigris
976 2976 1030 3012 et
1065 2962 1514 3013 fuscescentibus.

294 3067 509 3117 Thallus
561 3081 900 3133 crustaceus,
944 3071 1158 3129 tenuis,
1215 3069 1538 3137 laevigatus,
1590 3068 1713 3119 dein
1777 3067 2035 3136 subsqua-

157 3137 422 3195 mulosus,
481 3138 791 3201 dehiscens,
841 3141 1006 3208 magis
1043 3142 1283 3192 minusve
1321 3140 1502 3191 virens
1525 3177 1538 3199 ‚
1588 3138 1884 3206 nigro-vel
1921 3137 2036 3187 fus-

156 3208 788 3261 co-zonato—limitatus.
866 3211 1155 3276 Apothecia
1195 3211 1478 3269 maculosa,
1518 3210 1701 3278 plana,
1735 3208 2038 3257 humefacta

154 3277 220 3327 ad
258 3278 452 3328 lentem
492 3279 768 3342 scabrosa,
809 3281 863 3329 in
902 3281 1174 3348 plerisque
1211 3282 1393 3350 nigra,
1442 3280 1498 3330 in
1534 3280 1693 3329 unico
1737 3278 2034 3344 specimine

154 3348 354 3413 prioris
394 3348 493 3397 loci
548 3351 738 3399 natalis
788 3367 905 3401 cum
959 3350 1111 3400 thalli
1162 3353 1404 3420 margine
1441 3347 1814 3418 nigro-fusca.
1866 3347 2033 3401 ,The-

155 3433 250 3466 eae
301 3434 497 3485 parvae
535 3419 1145 3490 oblongo-cylindricae
1183 3432 1239 3474 et
1275 3419 1642 3483 subclavatae,
1699 3427 1785 3467 ter
1819 3416 1886 3468 ad
1921 3429 2031 3470 tre-

156 3486 337 3539 decies
382 3487 682 3543 annulatae.
