<?xml version="1.0" encoding="UTF-8"?>
<!DOCTYPE html PUBLIC "-//W3C//DTD XHTML 1.0 Transitional//EN"
    "http://www.w3.org/TR/xhtml1/DTD/xhtml1-transitional.dtd">
<html xmlns="http://www.w3.org/1999/xhtml" xml:lang="en" lang="en">
 <head>
  <title>
</title>
<meta http-equiv="Content-Type" content="text/html;charset=utf-8" />
  <meta name='ocr-system' content='tesseract 3.04.00' />
  <meta name='ocr-capabilities' content='ocr_page ocr_carea ocr_par ocr_line ocrx_word'/>
</head>
<body>
  <div class='ocr_page' id='page_1' title='image "./florabrasiliensi01mart_0071.png"; bbox 0 0 2163 3852; ppageno 0'>
   <div class='ocr_carea' id='block_1_1' title="bbox 819 179 1921 235">
    <p class='ocr_par' dir='ltr' id='par_1_1' title="bbox 819 179 1921 235">
     <span class='ocr_line' id='line_1_1' title="bbox 819 179 1921 235; baseline 0.011 -12"><span class='ocrx_word' id='word_1_1' title='bbox 819 179 1130 226; x_wconf 74' lang='lat' dir='ltr'>·Ll(2111·&#39;.N1=&#39;,s.</span> <span class='ocrx_word' id='word_1_2' title='bbox 1855 183 1921 235; x_wconf 70' lang='grc'>59</span> 
     </span>
    </p>
   </div>
   <div class='ocr_carea' id='block_1_2' title="bbox 45 327 1998 3268">
    <p class='ocr_par' dir='ltr' id='par_1_2' title="bbox 45 327 1998 3268">
     <span class='ocr_line' id='line_1_2' title="bbox 46 327 1923 410; baseline 0.001 -23"><span class='ocrx_word' id='word_1_3' title='bbox 46 349 248 409; x_wconf 84' lang='lat' dir='ltr'>neque</span> <span class='ocrx_word' id='word_1_4' title='bbox 309 327 631 407; x_wconf 87' lang='lat' dir='ltr'>peritheeii</span> <span class='ocrx_word' id='word_1_5' title='bbox 690 327 1041 406; x_wconf 85' lang='lat' dir='ltr'>praesentia</span> <span class='ocrx_word' id='word_1_6' title='bbox 1099 328 1356 387; x_wconf 86' lang='lat' dir='ltr'>eandem</span> <span class='ocrx_word' id='word_1_7' title='bbox 1423 351 1662 410; x_wconf 87' lang='lat' dir='ltr'>semper</span> <span class='ocrx_word' id='word_1_8' title='bbox 1725 346 1923 388; x_wconf 89' lang='lat' dir='ltr'>servat</span> 
     </span>
     <span class='ocr_line' id='line_1_3' title="bbox 49 407 1925 485; baseline -0.001 -15"><span class='ocrx_word' id='word_1_9' title='bbox 49 410 459 470; x_wconf 84' lang='lat' dir='ltr'>constantiam</span> <span class='ocrx_word' id='word_1_10' title='bbox 498 409 592 467; x_wconf 90' lang='lat' dir='ltr'>vel</span> <span class='ocrx_word' id='word_1_11' title='bbox 635 407 918 466; x_wconf 85' lang='lat' dir='ltr'><strong>fallacem</strong></span> <span class='ocrx_word' id='word_1_12' title='bbox 956 408 1078 466; x_wconf 91' lang='lat' dir='ltr'>hoc</span> <span class='ocrx_word' id='word_1_13' title='bbox 1115 408 1312 468; x_wconf 87' lang='lat' dir='ltr'>induit</span> <span class='ocrx_word' id='word_1_14' title='bbox 1363 411 1669 485; x_wconf 80' lang='lat' dir='ltr'>colorem3</span> <span class='ocrx_word' id='word_1_15' title='bbox 1733 413 1925 469; x_wconf 89' lang='lat' dir='ltr'>oritur</span> 
     </span>
     <span class='ocr_line' id='line_1_4' title="bbox 47 485 1924 575; baseline -0.001 -25"><span class='ocrx_word' id='word_1_16' title='bbox 47 492 334 551; x_wconf 84' lang='lat' dir='ltr'>nimirum</span> <span class='ocrx_word' id='word_1_17' title='bbox 356 493 420 549; x_wconf 92' lang='lat' dir='ltr'>in</span> <span class='ocrx_word' id='word_1_18' title='bbox 446 490 759 548; x_wconf 84' lang='lat' dir='ltr'>frondosis</span> <span class='ocrx_word' id='word_1_19' title='bbox 776 485 860 567; x_wconf 90' lang='lat' dir='ltr'>(si</span> <span class='ocrx_word' id='word_1_20' title='bbox 877 490 920 548; x_wconf 87' lang='lat' dir='ltr'>G</span> <span class='ocrx_word' id='word_1_21' title='bbox 935 488 1004 548; x_wconf 87' lang='lat' dir='ltr'>la</span> <span class='ocrx_word' id='word_1_22' title='bbox 1017 490 1057 547; x_wconf 92' lang='lat' dir='ltr'>d</span> <span class='ocrx_word' id='word_1_23' title='bbox 1072 512 1108 548; x_wconf 95' lang='lat' dir='ltr'>o</span> <span class='ocrx_word' id='word_1_24' title='bbox 1121 491 1246 547; x_wconf 90' lang='lat' dir='ltr'>nia</span> <span class='ocrx_word' id='word_1_25' title='bbox 1261 515 1322 548; x_wconf 91' lang='lat' dir='ltr'>m</span> <span class='ocrx_word' id='word_1_26' title='bbox 1357 495 1621 575; x_wconf 78' lang='lat' dir='ltr'>excipias</span> <span class='ocrx_word' id='word_1_27' title='bbox 1628 494 1675 569; x_wconf 92' lang='lat'>9)</span> <span class='ocrx_word' id='word_1_28' title='bbox 1707 494 1924 550; x_wconf 88' lang='lat' dir='ltr'>eodem</span> 
     </span>
     <span class='ocr_line' id='line_1_5' title="bbox 46 570 1922 649; baseline 0 -18"><span class='ocrx_word' id='word_1_29' title='bbox 46 573 232 632; x_wconf 85' lang='lat' dir='ltr'>modo</span> <span class='ocrx_word' id='word_1_30' title='bbox 267 595 339 631; x_wconf 94' lang='lat' dir='ltr'>ac</span> <span class='ocrx_word' id='word_1_31' title='bbox 380 587 634 631; x_wconf 90' lang='lat' dir='ltr'>stratum</span> <span class='ocrx_word' id='word_1_32' title='bbox 665 570 992 640; x_wconf 88' lang='lat' dir='ltr'>cortieale9</span> <span class='ocrx_word' id='word_1_33' title='bbox 1052 593 1083 628; x_wconf 93' lang='lat' dir='ltr'>e</span> <span class='ocrx_word' id='word_1_34' title='bbox 1116 571 1284 633; x_wconf 83' lang='lat' dir='ltr'>fibris</span> <span class='ocrx_word' id='word_1_35' title='bbox 1315 575 1486 632; x_wconf 87' lang='lat' dir='ltr'>thalli</span> <span class='ocrx_word' id='word_1_36' title='bbox 1517 576 1816 636; x_wconf 82' lang='lat' dir='ltr'>contextis</span> <span class='ocrx_word' id='word_1_37' title='bbox 1838 575 1922 649; x_wconf 60' lang='lat'>²⁸¹²),</span> 
     </span>
     <span class='ocr_line' id='line_1_6' title="bbox 45 654 1924 733; baseline 0 -19"><span class='ocrx_word' id='word_1_38' title='bbox 45 657 190 714; x_wconf 90' lang='lat' dir='ltr'>hinc</span> <span class='ocrx_word' id='word_1_39' title='bbox 223 670 620 733; x_wconf 87' lang='lat' dir='ltr'>utrorumque</span> <span class='ocrx_word' id='word_1_40' title='bbox 652 676 885 711; x_wconf 87' lang='lat' dir='ltr'>summa</span> <span class='ocrx_word' id='word_1_41' title='bbox 922 654 1257 713; x_wconf 87' lang='lat' dir='ltr'>similitudo</span> <span class='ocrx_word' id='word_1_42' title='bbox 1272 697 1287 724; x_wconf 91' lang='lat'><em>9</em></span> <span class='ocrx_word' id='word_1_43' title='bbox 1329 672 1395 714; x_wconf 90' lang='lat' dir='ltr'>ut</span> <span class='ocrx_word' id='word_1_44' title='bbox 1427 679 1564 715; x_wconf 89' lang='lat' dir='ltr'>cum</span> <span class='ocrx_word' id='word_1_45' title='bbox 1588 661 1641 716; x_wconf 91' lang='lat' dir='ltr'><strong>A</strong></span> <span class='ocrx_word' id='word_1_46' title='bbox 1659 681 1691 716; x_wconf 92' lang='lat' dir='ltr'>e</span> <span class='ocrx_word' id='word_1_47' title='bbox 1705 658 1743 715; x_wconf 92' lang='lat' dir='ltr'>h</span> <span class='ocrx_word' id='word_1_48' title='bbox 1759 656 1924 715; x_wconf 89' lang='lat' dir='ltr'>ario</span> 
     </span>
     <span class='ocr_line' id='line_1_7' title="bbox 49 736 1920 816; baseline 0 -21"><span class='ocrx_word' id='word_1_49' title='bbox 49 740 412 816; x_wconf 35' lang='lat' dir='ltr'>Meyerus⁸</span> <span class='ocrx_word' id='word_1_50' title='bbox 477 736 804 816; x_wconf 89' lang='lat' dir='ltr'>apothecia</span> <span class='ocrx_word' id='word_1_51' title='bbox 877 736 941 792; x_wconf 93' lang='lat' dir='ltr'>in</span> <span class='ocrx_word' id='word_1_52' title='bbox 1011 736 1439 813; x_wconf 83' lang='lat' dir='ltr'>Peltigera9</span> <span class='ocrx_word' id='word_1_53' title='bbox 1526 739 1920 806; x_wconf 87' lang='lat' dir='ltr'>Solorina,</span> 
     </span>
     <span class='ocr_line' id='line_1_8' title="bbox 51 817 1929 893; baseline 0.001 -17"><span class='ocrx_word' id='word_1_54' title='bbox 51 819 94 876; x_wconf 88' lang='lat' dir='ltr'>S</span> <span class='ocrx_word' id='word_1_55' title='bbox 114 834 181 893; x_wconf 82' lang='lat' dir='ltr'>te</span> <span class='ocrx_word' id='word_1_56' title='bbox 196 839 272 875; x_wconf 88' lang='lat' dir='ltr'>re</span> <span class='ocrx_word' id='word_1_57' title='bbox 288 839 324 875; x_wconf 94' lang='lat' dir='ltr'>o</span> <span class='ocrx_word' id='word_1_58' title='bbox 344 838 376 875; x_wconf 88' lang='lat' dir='ltr'>c</span> <span class='ocrx_word' id='word_1_59' title='bbox 393 817 570 875; x_wconf 89' lang='lat' dir='ltr'>aulo</span> <span class='ocrx_word' id='word_1_60' title='bbox 615 839 647 875; x_wconf 94' lang='lat' dir='ltr'>e</span> <span class='ocrx_word' id='word_1_61' title='bbox 684 832 877 876; x_wconf 88' lang='lat' dir='ltr'>strato</span> <span class='ocrx_word' id='word_1_62' title='bbox 914 819 1196 876; x_wconf 88' lang='lat' dir='ltr'>corticali</span> <span class='ocrx_word' id='word_1_63' title='bbox 1229 820 1450 878; x_wconf 80' lang='lat' dir='ltr'>dixerit</span> <span class='ocrx_word' id='word_1_64' title='bbox 1475 821 1750 890; x_wconf 78' lang='lat' dir='ltr'>oriunda,</span> <span class='ocrx_word' id='word_1_65' title='bbox 1783 821 1929 878; x_wconf 88' lang='lat' dir='ltr'>licet</span> 
     </span>
     <span class='ocr_line' id='line_1_9' title="bbox 48 900 1925 980; baseline 0 -22"><span class='ocrx_word' id='word_1_66' title='bbox 48 903 100 958; x_wconf 90' lang='grc' dir='ltr'><strong>Τ</strong></span> <span class='ocrx_word' id='word_1_67' title='bbox 117 923 147 956; x_wconf 90' lang='lat'>1·</span> <span class='ocrx_word' id='word_1_68' title='bbox 160 922 192 958; x_wconf 93' lang='lat' dir='ltr'>e</span> <span class='ocrx_word' id='word_1_69' title='bbox 207 925 242 960; x_wconf 93' lang='lat' dir='ltr'>v</span> <span class='ocrx_word' id='word_1_70' title='bbox 256 900 277 956; x_wconf 91' lang='lat' dir='ltr'>i</span> <span class='ocrx_word' id='word_1_71' title='bbox 292 921 422 956; x_wconf 90' lang='lat' dir='ltr'>ran</span> <span class='ocrx_word' id='word_1_72' title='bbox 437 922 477 956; x_wconf 92' lang='lat' dir='ltr'>u</span> <span class='ocrx_word' id='word_1_73' title='bbox 493 921 519 956; x_wconf 99' lang='grc'>5</span> <span class='ocrx_word' id='word_1_74' title='bbox 568 919 839 957; x_wconf 88' lang='lat' dir='ltr'>errorem</span> <span class='ocrx_word' id='word_1_75' title='bbox 871 900 1076 980; x_wconf 89' lang='lat' dir='ltr'>palam</span> <span class='ocrx_word' id='word_1_76' title='bbox 1113 901 1363 960; x_wconf 86' lang='lat' dir='ltr'>fecisset</span> <span class='ocrx_word' id='word_1_77' title='bbox 1379 925 1396 975; x_wconf 80' lang='lat'>3</span> <span class='ocrx_word' id='word_1_78' title='bbox 1433 903 1576 960; x_wconf 89' lang='lat' dir='ltr'>hine</span> <span class='ocrx_word' id='word_1_79' title='bbox 1611 904 1791 960; x_wconf 87' lang='lat' dir='ltr'>etiam</span> <span class='ocrx_word' id='word_1_80' title='bbox 1826 923 1925 961; x_wconf 87' lang='lat' dir='ltr'>va-</span> 
     </span>
     <span class='ocr_line' id='line_1_10' title="bbox 49 980 1929 1062; baseline 0.001 -24"><span class='ocrx_word' id='word_1_81' title='bbox 49 982 127 1039; x_wconf 84' lang='lat' dir='ltr'>rii</span> <span class='ocrx_word' id='word_1_82' title='bbox 193 980 594 1062; x_wconf 88' lang='lat' dir='ltr'>perfectionis</span> <span class='ocrx_word' id='word_1_83' title='bbox 656 983 876 1061; x_wconf 83' lang='lat' dir='ltr'>gradus</span> <span class='ocrx_word' id='word_1_84' title='bbox 892 1029 906 1052; x_wconf 87' lang='lat'>,</span> <span class='ocrx_word' id='word_1_85' title='bbox 987 1005 1246 1062; x_wconf 84' lang='lat' dir='ltr'>quorum</span> <span class='ocrx_word' id='word_1_86' title='bbox 1288 983 1640 1043; x_wconf 84' lang='lat' dir='ltr'>inferiorem</span> <span class='ocrx_word' id='word_1_87' title='bbox 1690 986 1753 1041; x_wconf 90' lang='lat' dir='ltr'>in</span> <span class='ocrx_word' id='word_1_88' title='bbox 1795 986 1929 1040; x_wconf 89' lang='lat' dir='ltr'>En-</span> 
     </span>
     <span class='ocr_line' id='line_1_11' title="bbox 51 1063 1930 1146; baseline 0.001 -23"><span class='ocrx_word' id='word_1_89' title='bbox 51 1063 142 1123; x_wconf 93' lang='lat' dir='ltr'>do</span> <span class='ocrx_word' id='word_1_90' title='bbox 159 1084 192 1120; x_wconf 94' lang='lat' dir='ltr'>c</span> <span class='ocrx_word' id='word_1_91' title='bbox 208 1065 419 1144; x_wconf 88' lang='lat' dir='ltr'>arpis</span> <span class='ocrx_word' id='word_1_92' title='bbox 464 1064 616 1122; x_wconf 92' lang='lat' dir='ltr'>Ach.</span> <span class='ocrx_word' id='word_1_93' title='bbox 666 1064 1026 1144; x_wconf 83' lang='lat' dir='ltr'>conspicere</span> <span class='ocrx_word' id='word_1_94' title='bbox 1066 1065 1211 1124; x_wconf 90' lang='lat' dir='ltr'>lieet</span> <span class='ocrx_word' id='word_1_95' title='bbox 1248 1067 1490 1146; x_wconf 86' lang='lat' dir='ltr'>saepius</span> <span class='ocrx_word' id='word_1_96' title='bbox 1531 1068 1623 1125; x_wconf 81' lang='lat' dir='ltr'>vix</span> <span class='ocrx_word' id='word_1_97' title='bbox 1663 1067 1783 1125; x_wconf 88' lang='lat' dir='ltr'>nisi</span> <span class='ocrx_word' id='word_1_98' title='bbox 1825 1087 1930 1124; x_wconf 72' lang='lat' dir='ltr'>co-</span> 
     </span>
     <span class='ocr_line' id='line_1_12' title="bbox 48 1145 1929 1227; baseline 0.001 -25"><span class='ocrx_word' id='word_1_99' title='bbox 48 1145 177 1202; x_wconf 88' lang='lat' dir='ltr'>lore</span> <span class='ocrx_word' id='word_1_100' title='bbox 203 1146 374 1203; x_wconf 89' lang='lat' dir='ltr'>ocius</span> <span class='ocrx_word' id='word_1_101' title='bbox 403 1146 498 1204; x_wconf 89' lang='lat' dir='ltr'>vel</span> <span class='ocrx_word' id='word_1_102' title='bbox 526 1146 718 1203; x_wconf 87' lang='lat' dir='ltr'>serius</span> <span class='ocrx_word' id='word_1_103' title='bbox 745 1147 1005 1205; x_wconf 90' lang='lat' dir='ltr'>oriundo</span> <span class='ocrx_word' id='word_1_104' title='bbox 1039 1147 1535 1226; x_wconf 80' lang='lat' dir='ltr'>distinguendum</span> <span class='ocrx_word' id='word_1_105' title='bbox 1563 1149 1660 1221; x_wconf 52' lang='grc' dir='ltr'>*ἢ</span> <span class='ocrx_word' id='word_1_106' title='bbox 1676 1170 1694 1222; x_wconf 78' lang='lat'><em>3</em></span> <span class='ocrx_word' id='word_1_107' title='bbox 1758 1148 1929 1227; x_wconf 90' lang='lat' dir='ltr'>cujus</span> 
     </span>
     <span class='ocr_line' id='line_1_13' title="bbox 51 1227 1933 1299; baseline 0 -13"><span class='ocrx_word' id='word_1_108' title='bbox 51 1247 194 1286; x_wconf 89' lang='lat' dir='ltr'>vero</span> <span class='ocrx_word' id='word_1_109' title='bbox 234 1227 461 1285; x_wconf 84' lang='lat' dir='ltr'>coloris</span> <span class='ocrx_word' id='word_1_110' title='bbox 504 1229 765 1287; x_wconf 88' lang='lat' dir='ltr'>secretio</span> <span class='ocrx_word' id='word_1_111' title='bbox 803 1230 867 1286; x_wconf 92' lang='lat' dir='ltr'>in</span> <span class='ocrx_word' id='word_1_112' title='bbox 906 1231 1235 1288; x_wconf 85' lang='lat' dir='ltr'>crustaeeis</span> <span class='ocrx_word' id='word_1_113' title='bbox 1255 1271 1272 1299; x_wconf 99' lang='lat'><em>9</em></span> <span class='ocrx_word' id='word_1_114' title='bbox 1316 1230 1405 1287; x_wconf 88' lang='lat' dir='ltr'>uti</span> <span class='ocrx_word' id='word_1_115' title='bbox 1434 1230 1668 1288; x_wconf 88' lang='lat' dir='ltr'>videtur</span> <span class='ocrx_word' id='word_1_116' title='bbox 1679 1271 1694 1299; x_wconf 87' lang='lat'><em>9</em></span> <span class='ocrx_word' id='word_1_117' title='bbox 1752 1230 1933 1288; x_wconf 86' lang='lat' dir='ltr'>unica</span> 
     </span>
     <span class='ocr_line' id='line_1_14' title="bbox 52 1308 1932 1389; baseline 0.002 -25"><span class='ocrx_word' id='word_1_118' title='bbox 52 1308 376 1389; x_wconf 87' lang='lat' dir='ltr'>perithecii</span> <span class='ocrx_word' id='word_1_119' title='bbox 410 1310 724 1369; x_wconf 88' lang='lat' dir='ltr'>distinctio</span> <span class='ocrx_word' id='word_1_120' title='bbox 741 1353 757 1380; x_wconf 93' lang='lat'><em>9</em></span> <span class='ocrx_word' id='word_1_121' title='bbox 805 1311 950 1368; x_wconf 91' lang='lat' dir='ltr'>licet</span> <span class='ocrx_word' id='word_1_122' title='bbox 983 1312 1318 1369; x_wconf 82' lang='lat' dir='ltr'>solenniter</span> <span class='ocrx_word' id='word_1_123' title='bbox 1355 1333 1621 1370; x_wconf 87' lang='lat' dir='ltr'>summae</span> <span class='ocrx_word' id='word_1_124' title='bbox 1666 1312 1758 1378; x_wconf 85' lang='lat' dir='ltr'>sit¹</span> <span class='ocrx_word' id='word_1_125' title='bbox 1786 1333 1932 1370; x_wconf 91' lang='lat' dir='ltr'>con-</span> 
     </span>
     <span class='ocr_line' id='line_1_15' title="bbox 56 1392 1934 1472; baseline 0 -24"><span class='ocrx_word' id='word_1_126' title='bbox 56 1392 346 1461; x_wconf 81' lang='lat' dir='ltr'>stantiae,</span> <span class='ocrx_word' id='word_1_127' title='bbox 392 1406 605 1471; x_wconf 84' lang='lat' dir='ltr'>utpote</span> <span class='ocrx_word' id='word_1_128' title='bbox 634 1414 772 1451; x_wconf 86' lang='lat' dir='ltr'>cum</span> <span class='ocrx_word' id='word_1_129' title='bbox 799 1393 1199 1471; x_wconf 81' lang='lat' dir='ltr'>vegetationis</span> <span class='ocrx_word' id='word_1_130' title='bbox 1226 1415 1524 1472; x_wconf 85' lang='lat' dir='ltr'>processu</span> <span class='ocrx_word' id='word_1_131' title='bbox 1553 1394 1762 1451; x_wconf 88' lang='lat' dir='ltr'>intime</span> <span class='ocrx_word' id='word_1_132' title='bbox 1787 1414 1934 1451; x_wconf 91' lang='lat' dir='ltr'>con-</span> 
     </span>
     <span class='ocr_line' id='line_1_16' title="bbox 54 1473 1935 1545; baseline 0.001 -15"><span class='ocrx_word' id='word_1_133' title='bbox 54 1494 206 1530; x_wconf 83' lang='lat' dir='ltr'>nexa</span> <span class='ocrx_word' id='word_1_134' title='bbox 220 1514 236 1544; x_wconf 87' lang='lat'><em>9</em></span> <span class='ocrx_word' id='word_1_135' title='bbox 301 1473 364 1529; x_wconf 91' lang='lat' dir='ltr'>in</span> <span class='ocrx_word' id='word_1_136' title='bbox 399 1473 533 1531; x_wconf 89' lang='lat' dir='ltr'>aliis</span> <span class='ocrx_word' id='word_1_137' title='bbox 576 1475 748 1532; x_wconf 86' lang='lat' dir='ltr'>ocius</span> <span class='ocrx_word' id='word_1_138' title='bbox 792 1475 856 1530; x_wconf 90' lang='lat' dir='ltr'>in</span> <span class='ocrx_word' id='word_1_139' title='bbox 895 1474 1032 1531; x_wconf 88' lang='lat' dir='ltr'>aliis</span> <span class='ocrx_word' id='word_1_140' title='bbox 1072 1476 1264 1532; x_wconf 90' lang='lat' dir='ltr'>serius</span> <span class='ocrx_word' id='word_1_141' title='bbox 1305 1475 1539 1534; x_wconf 84' lang='lat' dir='ltr'>obtinet</span> <span class='ocrx_word' id='word_1_142' title='bbox 1550 1518 1566 1545; x_wconf 91' lang='lat'><em>9</em></span> <span class='ocrx_word' id='word_1_143' title='bbox 1626 1476 1689 1532; x_wconf 90' lang='lat' dir='ltr'>in</span> <span class='ocrx_word' id='word_1_144' title='bbox 1720 1480 1767 1533; x_wconf 89' lang='lat' dir='ltr'>L</span> <span class='ocrx_word' id='word_1_145' title='bbox 1784 1497 1816 1532; x_wconf 91' lang='lat' dir='ltr'>e</span> <span class='ocrx_word' id='word_1_146' title='bbox 1831 1476 1851 1532; x_wconf 92' lang='lat' dir='ltr'>i</span> <span class='ocrx_word' id='word_1_147' title='bbox 1869 1496 1935 1532; x_wconf 93' lang='lat' dir='ltr'>o-</span> 
     </span>
     <span class='ocr_line' id='line_1_17' title="bbox 54 1556 1934 1632; baseline 0.002 -22"><span class='ocrx_word' id='word_1_148' title='bbox 54 1569 502 1632; x_wconf 80' lang='lat' dir='ltr'>grammate,</span> <span class='ocrx_word' id='word_1_149' title='bbox 547 1556 1161 1626; x_wconf 85' lang='lat' dir='ltr'>Thelotremate9</span> <span class='ocrx_word' id='word_1_150' title='bbox 1217 1558 1361 1616; x_wconf 86' lang='lat' dir='ltr'>Ure</span> <span class='ocrx_word' id='word_1_151' title='bbox 1382 1558 1634 1617; x_wconf 84' lang='lat' dir='ltr'>colari</span> <span class='ocrx_word' id='word_1_152' title='bbox 1653 1580 1687 1614; x_wconf 87' lang='lat' dir='ltr'>a</span> <span class='ocrx_word' id='word_1_153' title='bbox 1728 1558 1934 1616; x_wconf 89' lang='lat' dir='ltr'>subin-</span> 
     </span>
     <span class='ocr_line' id='line_1_18' title="bbox 58 1635 1935 1721; baseline 0.001 -28"><span class='ocrx_word' id='word_1_154' title='bbox 58 1635 133 1694; x_wconf 86' lang='lat' dir='ltr'>de</span> <span class='ocrx_word' id='word_1_155' title='bbox 165 1650 297 1694; x_wconf 88' lang='lat' dir='ltr'>tota</span> <span class='ocrx_word' id='word_1_156' title='bbox 325 1638 421 1696; x_wconf 90' lang='lat' dir='ltr'>vel</span> <span class='ocrx_word' id='word_1_157' title='bbox 455 1638 680 1718; x_wconf 86' lang='lat' dir='ltr'>partim</span> <span class='ocrx_word' id='word_1_158' title='bbox 709 1638 910 1707; x_wconf 89' lang='lat' dir='ltr'>deest9</span> <span class='ocrx_word' id='word_1_159' title='bbox 954 1638 1048 1697; x_wconf 93' lang='lat' dir='ltr'>vel</span> <span class='ocrx_word' id='word_1_160' title='bbox 1077 1654 1206 1696; x_wconf 91' lang='lat' dir='ltr'>tam</span> <span class='ocrx_word' id='word_1_161' title='bbox 1235 1654 1414 1697; x_wconf 89' lang='lat' dir='ltr'>tenue</span> <span class='ocrx_word' id='word_1_162' title='bbox 1452 1639 1643 1699; x_wconf 84' lang='lat' dir='ltr'>efficit</span> <span class='ocrx_word' id='word_1_163' title='bbox 1670 1639 1935 1721; x_wconf 89' lang='lat' dir='ltr'>perithe-</span> 
     </span>
     <span class='ocr_line' id='line_1_19' title="bbox 58 1718 1998 1803; baseline 0.002 -29"><span class='ocrx_word' id='word_1_164' title='bbox 58 1718 220 1775; x_wconf 89' lang='lat' dir='ltr'>cium</span> <span class='ocrx_word' id='word_1_165' title='bbox 233 1761 249 1789; x_wconf 89' lang='lat'><em>9</em></span> <span class='ocrx_word' id='word_1_166' title='bbox 329 1735 397 1778; x_wconf 90' lang='lat' dir='ltr'>ut</span> <span class='ocrx_word' id='word_1_167' title='bbox 437 1721 533 1779; x_wconf 79' lang='lat' dir='ltr'>vix</span> <span class='ocrx_word' id='word_1_168' title='bbox 571 1720 735 1778; x_wconf 92' lang='lat' dir='ltr'>lente</span> <span class='ocrx_word' id='word_1_169' title='bbox 773 1721 1117 1800; x_wconf 86' lang='lat' dir='ltr'>composita</span> <span class='ocrx_word' id='word_1_170' title='bbox 1155 1721 1502 1803; x_wconf 69' lang='lat' dir='ltr'>solerteq’ue</span> <span class='ocrx_word' id='word_1_171' title='bbox 1546 1723 1936 1802; x_wconf 72' lang='lat' dir='ltr'>indagatione</span> <span class='ocrx_word' id='word_1_172' title='bbox 1995 1736 1998 1738; x_wconf 82' lang='grc'>’</span> 
     </span>
     <span class='ocr_line' id='line_1_20' title="bbox 59 1801 1938 1883; baseline 0.003 -28"><span class='ocrx_word' id='word_1_173' title='bbox 59 1821 93 1855; x_wconf 86' lang='lat' dir='ltr'>a</span> <span class='ocrx_word' id='word_1_174' title='bbox 127 1801 306 1878; x_wconf 76' lang='lat' dir='ltr'>ligno</span> <span class='ocrx_word' id='word_1_175' title='bbox 358 1802 662 1859; x_wconf 82' lang='lat' dir='ltr'>ambiente</span> <span class='ocrx_word' id='word_1_176' title='bbox 712 1803 951 1881; x_wconf 84' lang='lat' dir='ltr'>saepius</span> <span class='ocrx_word' id='word_1_177' title='bbox 1009 1803 1219 1860; x_wconf 83' lang='lat' dir='ltr'>intime</span> <span class='ocrx_word' id='word_1_178' title='bbox 1267 1821 1533 1864; x_wconf 86' lang='lat' dir='ltr'>connato</span> <span class='ocrx_word' id='word_1_179' title='bbox 1589 1805 1938 1883; x_wconf 69' lang='lat' dir='ltr'>colorisque</span> 
     </span>
     <span class='ocr_line' id='line_1_21' title="bbox 59 1883 1938 1974; baseline 0.001 -36"><span class='ocrx_word' id='word_1_180' title='bbox 59 1883 363 1974; x_wconf 71' lang='lat' dir='ltr'>participe</span> <span class='ocrx_word' id='word_1_181' title='bbox 390 1883 526 1954; x_wconf 34' lang='grc' dir='ltr'>*ἐξῆ</span> <span class='ocrx_word' id='word_1_182' title='bbox 565 1885 902 1963; x_wconf 82' lang='lat' dir='ltr'>distinguas</span> <span class='ocrx_word' id='word_1_183' title='bbox 917 1908 936 1961; x_wconf 76' lang='lat'>5</span> <span class='ocrx_word' id='word_1_184' title='bbox 986 1885 1065 1942; x_wconf 89' lang='lat' dir='ltr'>ad</span> <span class='ocrx_word' id='word_1_185' title='bbox 1086 1895 1289 1944; x_wconf 73' lang='lat' dir='ltr'>aerem</span> <span class='ocrx_word' id='word_1_186' title='bbox 1323 1887 1586 1967; x_wconf 85' lang='lat' dir='ltr'>denique</span> <span class='ocrx_word' id='word_1_187' title='bbox 1611 1888 1938 1946; x_wconf 69' lang='lat' dir='ltr'>satin-atior</span> 
     </span>
     <span class='ocr_line' id='line_1_22' title="bbox 57 1966 1938 2046; baseline 0.001 -24"><span class='ocrx_word' id='word_1_188' title='bbox 57 1968 122 2022; x_wconf 85' lang='lat' dir='ltr'>fit</span> <span class='ocrx_word' id='word_1_189' title='bbox 167 1966 340 2024; x_wconf 86' lang='lat' dir='ltr'>color</span> <span class='ocrx_word' id='word_1_190' title='bbox 353 2007 370 2035; x_wconf 92' lang='lat'><em>9</em></span> <span class='ocrx_word' id='word_1_191' title='bbox 417 1966 585 2046; x_wconf 79' lang='lat' dir='ltr'>quod</span> <span class='ocrx_word' id='word_1_192' title='bbox 616 1967 680 2022; x_wconf 90' lang='lat' dir='ltr'>in</span> <span class='ocrx_word' id='word_1_193' title='bbox 713 1971 762 2024; x_wconf 92' lang='lat' dir='ltr'>L</span> <span class='ocrx_word' id='word_1_194' title='bbox 779 1988 809 2023; x_wconf 95' lang='lat' dir='ltr'>e</span> <span class='ocrx_word' id='word_1_195' title='bbox 829 1989 861 2024; x_wconf 90' lang='lat' dir='ltr'>c</span> <span class='ocrx_word' id='word_1_196' title='bbox 879 1967 898 2023; x_wconf 93' lang='lat' dir='ltr'>i</span> <span class='ocrx_word' id='word_1_197' title='bbox 915 1968 1075 2025; x_wconf 85' lang='lat' dir='ltr'>deis</span> <span class='ocrx_word' id='word_1_198' title='bbox 1118 1968 1363 2028; x_wconf 85' lang='lat' dir='ltr'>dilutius</span> <span class='ocrx_word' id='word_1_199' title='bbox 1403 1971 1692 2029; x_wconf 85' lang='lat' dir='ltr'>coloratis</span> <span class='ocrx_word' id='word_1_200' title='bbox 1732 1970 1938 2029; x_wconf 89' lang='lat' dir='ltr'>videre</span> 
     </span>
     <span class='ocr_line' id='line_1_23' title="bbox 57 2046 1936 2128; baseline 0.002 -24"><span class='ocrx_word' id='word_1_201' title='bbox 57 2046 202 2105; x_wconf 86' lang='lat' dir='ltr'>licet</span> <span class='ocrx_word' id='word_1_202' title='bbox 212 2069 234 2121; x_wconf 80' lang='lat'>9·</span> <span class='ocrx_word' id='word_1_203' title='bbox 314 2048 401 2106; x_wconf 88' lang='lat' dir='ltr'>sic</span> <span class='ocrx_word' id='word_1_204' title='bbox 454 2070 698 2128; x_wconf 85' lang='lat' dir='ltr'>quoque</span> <span class='ocrx_word' id='word_1_205' title='bbox 735 2050 986 2107; x_wconf 88' lang='lat' dir='ltr'>nucleus</span> <span class='ocrx_word' id='word_1_206' title='bbox 1023 2051 1219 2108; x_wconf 90' lang='lat' dir='ltr'>nudus</span> <span class='ocrx_word' id='word_1_207' title='bbox 1271 2053 1559 2110; x_wconf 87' lang='lat' dir='ltr'>ostiolum</span> <span class='ocrx_word' id='word_1_208' title='bbox 1597 2072 1800 2113; x_wconf 89' lang='lat' dir='ltr'>versus</span> <span class='ocrx_word' id='word_1_209' title='bbox 1844 2050 1936 2107; x_wconf 89' lang='lat' dir='ltr'>ni-</span> 
     </span>
     <span class='ocr_line' id='line_1_24' title="bbox 58 2129 1939 2213; baseline 0.002 -28"><span class='ocrx_word' id='word_1_210' title='bbox 58 2129 251 2208; x_wconf 83' lang='lat' dir='ltr'>gricat</span> <span class='ocrx_word' id='word_1_211' title='bbox 263 2171 281 2200; x_wconf 92' lang='lat'><em>9</em></span> <span class='ocrx_word' id='word_1_212' title='bbox 354 2145 413 2188; x_wconf 92' lang='lat' dir='ltr'>et</span> <span class='ocrx_word' id='word_1_213' title='bbox 445 2130 704 2188; x_wconf 89' lang='lat' dir='ltr'>laminae</span> <span class='ocrx_word' id='word_1_214' title='bbox 739 2132 1080 2212; x_wconf 81' lang='lat' dir='ltr'>proligerae</span> <span class='ocrx_word' id='word_1_215' title='bbox 1121 2136 1470 2213; x_wconf 87' lang='lat' dir='ltr'>superficies</span> <span class='ocrx_word' id='word_1_216' title='bbox 1512 2134 1667 2209; x_wconf 88' lang='lat' dir='ltr'>(non</span> <span class='ocrx_word' id='word_1_217' title='bbox 1703 2153 1939 2213; x_wconf 84' lang='lat' dir='ltr'>semper</span> 
     </span>
     <span class='ocr_line' id='line_1_25' title="bbox 58 2212 1937 2293; baseline 0.001 -24"><span class='ocrx_word' id='word_1_218' title='bbox 58 2232 92 2269; x_wconf 91' lang='lat' dir='ltr'>e</span> <span class='ocrx_word' id='word_1_219' title='bbox 129 2212 327 2291; x_wconf 85' lang='lat' dir='ltr'>sporis</span> <span class='ocrx_word' id='word_1_220' title='bbox 358 2212 941 2293; x_wconf 85' lang='lat' dir='ltr'>propullulantihus)</span> <span class='ocrx_word' id='word_1_221' title='bbox 987 2215 1262 2274; x_wconf 87' lang='lat' dir='ltr'>colorata</span> <span class='ocrx_word' id='word_1_222' title='bbox 1294 2218 1378 2275; x_wconf 87' lang='lat' dir='ltr'>fit.</span> <span class='ocrx_word' id='word_1_223' title='bbox 1466 2219 1624 2275; x_wconf 85' lang='lat' dir='ltr'>Hinc</span> <span class='ocrx_word' id='word_1_224' title='bbox 1660 2218 1726 2273; x_wconf 88' lang='lat' dir='ltr'>in</span> <span class='ocrx_word' id='word_1_225' title='bbox 1764 2221 1819 2277; x_wconf 89' lang='lat' dir='ltr'>V</span> <span class='ocrx_word' id='word_1_226' title='bbox 1834 2235 1866 2271; x_wconf 95' lang='lat' dir='ltr'>e</span> <span class='ocrx_word' id='word_1_227' title='bbox 1880 2237 1937 2271; x_wconf 84' lang='lat'>1·-</span> 
     </span>
     <span class='ocr_line' id='line_1_26' title="bbox 65 2294 1937 2376; baseline 0.003 -27"><span class='ocrx_word' id='word_1_228' title='bbox 65 2315 95 2349; x_wconf 90' lang='lat' dir='ltr'>r</span> <span class='ocrx_word' id='word_1_229' title='bbox 111 2315 150 2348; x_wconf 92' lang='lat' dir='ltr'>u</span> <span class='ocrx_word' id='word_1_230' title='bbox 166 2315 198 2352; x_wconf 93' lang='lat' dir='ltr'>c</span> <span class='ocrx_word' id='word_1_231' title='bbox 215 2294 408 2351; x_wconf 90' lang='lat' dir='ltr'>ariis</span> <span class='ocrx_word' id='word_1_232' title='bbox 441 2294 764 2374; x_wconf 87' lang='lat' dir='ltr'>peritheeii</span> <span class='ocrx_word' id='word_1_233' title='bbox 796 2317 937 2376; x_wconf 90' lang='lat' dir='ltr'>pars</span> <span class='ocrx_word' id='word_1_234' title='bbox 977 2298 1257 2376; x_wconf 78' lang='lat' dir='ltr'>superior</span> <span class='ocrx_word' id='word_1_235' title='bbox 1288 2300 1590 2357; x_wconf 88' lang='lat' dir='ltr'>denudata</span> <span class='ocrx_word' id='word_1_236' title='bbox 1634 2299 1937 2356; x_wconf 83' lang='lat' dir='ltr'>incrassa-</span> 
     </span>
     <span class='ocr_line' id='line_1_27' title="bbox 61 2376 1934 2455; baseline 0.003 -23"><span class='ocrx_word' id='word_1_237' title='bbox 61 2376 495 2455; x_wconf 48' lang='lat' dir='ltr'>tumssiiiiulque</span> <span class='ocrx_word' id='word_1_238' title='bbox 523 2376 777 2434; x_wconf 79' lang='lat' dir='ltr'>inferior</span> <span class='ocrx_word' id='word_1_239' title='bbox 804 2393 1158 2435; x_wconf 81' lang='lat' dir='ltr'>extenuatur</span> <span class='ocrx_word' id='word_1_240' title='bbox 1190 2379 1283 2437; x_wconf 91' lang='lat' dir='ltr'>vel</span> <span class='ocrx_word' id='word_1_241' title='bbox 1315 2383 1563 2439; x_wconf 84' lang='lat' dir='ltr'>omnino</span> <span class='ocrx_word' id='word_1_242' title='bbox 1596 2380 1904 2438; x_wconf 86' lang='lat' dir='ltr'>evanescit</span> <span class='ocrx_word' id='word_1_243' title='bbox 1914 2401 1934 2454; x_wconf 79' lang='lat'>3</span> 
     </span>
     <span class='ocr_line' id='line_1_28' title="bbox 61 2457 1941 2536; baseline 0.002 -22"><span class='ocrx_word' id='word_1_244' title='bbox 61 2457 114 2514; x_wconf 83' lang='lat' dir='ltr'>si</span> <span class='ocrx_word' id='word_1_245' title='bbox 149 2475 291 2515; x_wconf 83' lang='lat' dir='ltr'>vero</span> <span class='ocrx_word' id='word_1_246' title='bbox 330 2459 629 2536; x_wconf 83' lang='lat' dir='ltr'>integrum</span> <span class='ocrx_word' id='word_1_247' title='bbox 671 2459 782 2515; x_wconf 82' lang='lat' dir='ltr'>suh</span> <span class='ocrx_word' id='word_1_248' title='bbox 833 2475 1034 2517; x_wconf 84' lang='lat' dir='ltr'>crusta</span> <span class='ocrx_word' id='word_1_249' title='bbox 1074 2461 1222 2518; x_wconf 86' lang='lat' dir='ltr'>latet</span> <span class='ocrx_word' id='word_1_250' title='bbox 1239 2503 1255 2530; x_wconf 80' lang='lat'><em>9</em></span> <span class='ocrx_word' id='word_1_251' title='bbox 1311 2479 1435 2521; x_wconf 86' lang='lat' dir='ltr'>tam</span> <span class='ocrx_word' id='word_1_252' title='bbox 1468 2478 1647 2521; x_wconf 88' lang='lat' dir='ltr'>tenue</span> <span class='ocrx_word' id='word_1_253' title='bbox 1688 2476 1781 2519; x_wconf 89' lang='lat' dir='ltr'>est</span> <span class='ocrx_word' id='word_1_254' title='bbox 1791 2504 1808 2531; x_wconf 93' lang='lat'><em>9</em></span> <span class='ocrx_word' id='word_1_255' title='bbox 1874 2476 1941 2517; x_wconf 85' lang='lat' dir='ltr'>ut</span> 
     </span>
     <span class='ocr_line' id='line_1_29' title="bbox 61 2539 1940 2622; baseline 0.002 -27"><span class='ocrx_word' id='word_1_256' title='bbox 61 2541 105 2595; x_wconf 84' lang='lat' dir='ltr'><strong>P</strong></span> <span class='ocrx_word' id='word_1_257' title='bbox 125 2560 160 2594; x_wconf 89' lang='lat' dir='ltr'>a</span> <span class='ocrx_word' id='word_1_258' title='bbox 172 2560 272 2596; x_wconf 90' lang='lat' dir='ltr'>rm</span> <span class='ocrx_word' id='word_1_259' title='bbox 287 2560 318 2595; x_wconf 93' lang='lat' dir='ltr'>e</span> <span class='ocrx_word' id='word_1_260' title='bbox 334 2539 438 2597; x_wconf 88' lang='lat' dir='ltr'>lia</span> <span class='ocrx_word' id='word_1_261' title='bbox 453 2562 484 2598; x_wconf 93' lang='lat' dir='ltr'>c</span> <span class='ocrx_word' id='word_1_262' title='bbox 502 2540 567 2595; x_wconf 86' lang='lat' dir='ltr'>ei</span> <span class='ocrx_word' id='word_1_263' title='bbox 584 2561 611 2596; x_wconf 93' lang='grc'>5</span> <span class='ocrx_word' id='word_1_264' title='bbox 661 2539 1071 2621; x_wconf 85' lang='lat' dir='ltr'>affinibusque</span> <span class='ocrx_word' id='word_1_265' title='bbox 1082 2584 1100 2613; x_wconf 86' lang='lat'><em>9</em></span> <span class='ocrx_word' id='word_1_266' title='bbox 1153 2543 1372 2622; x_wconf 88' lang='lat' dir='ltr'>quibus</span> <span class='ocrx_word' id='word_1_267' title='bbox 1410 2546 1654 2603; x_wconf 86' lang='lat' dir='ltr'>insimul</span> <span class='ocrx_word' id='word_1_268' title='bbox 1692 2544 1940 2601; x_wconf 87' lang='lat' dir='ltr'>dilutius</span> 
     </span>
     <span class='ocr_line' id='line_1_30' title="bbox 65 2620 1936 2704; baseline 0.002 -26"><span class='ocrx_word' id='word_1_269' title='bbox 65 2620 407 2679; x_wconf 85' lang='lat' dir='ltr'>coloratum</span> <span class='ocrx_word' id='word_1_270' title='bbox 460 2622 603 2679; x_wconf 87' lang='lat' dir='ltr'>hine</span> <span class='ocrx_word' id='word_1_271' title='bbox 653 2623 852 2682; x_wconf 84' lang='lat' dir='ltr'>minus</span> <span class='ocrx_word' id='word_1_272' title='bbox 901 2625 1301 2704; x_wconf 88' lang='lat' dir='ltr'>conspicuum</span> <span class='ocrx_word' id='word_1_273' title='bbox 1354 2643 1445 2686; x_wconf 88' lang='lat' dir='ltr'>est</span> <span class='ocrx_word' id='word_1_274' title='bbox 1457 2669 1474 2697; x_wconf 93' lang='lat'><em>9</em></span> <span class='ocrx_word' id='word_1_275' title='bbox 1541 2627 1936 2694; x_wconf 84' lang='lat' dir='ltr'>recentiores,</span> 
     </span>
     <span class='ocr_line' id='line_1_31' title="bbox 60 2704 1939 2785; baseline 0.003 -26"><span class='ocrx_word' id='word_1_276' title='bbox 60 2704 491 2762; x_wconf 77' lang='lat' dir='ltr'>&#39;l&#39;revirano</span> <span class='ocrx_word' id='word_1_277' title='bbox 533 2721 817 2785; x_wconf 83' lang='lat' dir='ltr'>excepte,</span> <span class='ocrx_word' id='word_1_278' title='bbox 853 2705 1000 2764; x_wconf 92' lang='lat' dir='ltr'>licet</span> <span class='ocrx_word' id='word_1_279' title='bbox 1037 2710 1271 2766; x_wconf 88' lang='lat' dir='ltr'>Homo</span> <span class='ocrx_word' id='word_1_280' title='bbox 1289 2709 1632 2768; x_wconf 87' lang='lat' dir='ltr'>thalamo</span> <span class='ocrx_word' id='word_1_281' title='bbox 1652 2732 1677 2768; x_wconf 95' lang='grc'>5</span> <span class='ocrx_word' id='word_1_282' title='bbox 1705 2709 1939 2767; x_wconf 90' lang='lat' dir='ltr'>Acha-</span> 
     </span>
     <span class='ocr_line' id='line_1_32' title="bbox 64 2785 1936 2872; baseline 0.003 -31"><span class='ocrx_word' id='word_1_283' title='bbox 64 2785 166 2841; x_wconf 86' lang='lat' dir='ltr'>rii</span> <span class='ocrx_word' id='word_1_284' title='bbox 213 2786 345 2865; x_wconf 87' lang='lat' dir='ltr'>jure</span> <span class='ocrx_word' id='word_1_285' title='bbox 394 2788 748 2864; x_wconf 83' lang='lat' dir='ltr'>negaverint</span> <span class='ocrx_word' id='word_1_286' title='bbox 763 2829 781 2856; x_wconf 91' lang='lat'><em>9</em></span> <span class='ocrx_word' id='word_1_287' title='bbox 855 2789 1260 2867; x_wconf 87' lang='lat' dir='ltr'>perithecium</span> <span class='ocrx_word' id='word_1_288' title='bbox 1298 2792 1618 2872; x_wconf 85' lang='lat' dir='ltr'>proprium</span> <span class='ocrx_word' id='word_1_289' title='bbox 1685 2791 1936 2859; x_wconf 86' lang='lat' dir='ltr'>nullum,</span> 
     </span>
     <span class='ocr_line' id='line_1_33' title="bbox 68 2866 1937 2947; baseline 0.003 -23"><span class='ocrx_word' id='word_1_290' title='bbox 68 2866 177 2924; x_wconf 89' lang='lat' dir='ltr'>scd</span> <span class='ocrx_word' id='word_1_291' title='bbox 244 2867 682 2947; x_wconf 81' lang='lat' dir='ltr'>hypotheeium</span> <span class='ocrx_word' id='word_1_292' title='bbox 739 2870 1044 2929; x_wconf 87' lang='lat' dir='ltr'>thallodes</span> <span class='ocrx_word' id='word_1_293' title='bbox 1120 2873 1505 2932; x_wconf 87' lang='lat' dir='ltr'>solummodo</span> <span class='ocrx_word' id='word_1_294' title='bbox 1573 2874 1905 2932; x_wconf 83' lang='lat' dir='ltr'>attribuant</span> <span class='ocrx_word' id='word_1_295' title='bbox 1916 2894 1937 2947; x_wconf 75' lang='lat'>5</span> 
     </span>
     <span class='ocr_line' id='line_1_34' title="bbox 63 2949 1940 3027; baseline 0.003 -22"><span class='ocrx_word' id='word_1_296' title='bbox 63 2949 249 3006; x_wconf 51' lang='lat' dir='ltr'>hinc¹</span> <span class='ocrx_word' id='word_1_297' title='bbox 297 2949 726 3010; x_wconf 89' lang='lat' dir='ltr'>distinctiones</span> <span class='ocrx_word' id='word_1_298' title='bbox 808 2955 1238 3018; x_wconf 87' lang='lat' dir='ltr'>Roeeellae</span> <span class='ocrx_word' id='word_1_299' title='bbox 1314 2957 1493 3014; x_wconf 89' lang='lat' dir='ltr'>Ach.</span> <span class='ocrx_word' id='word_1_300' title='bbox 1513 3000 1529 3027; x_wconf 92' lang='lat'><em>9</em></span> <span class='ocrx_word' id='word_1_301' title='bbox 1641 2957 1940 3014; x_wconf 88' lang='lat' dir='ltr'>Stictae</span> 
     </span>
     <span class='ocr_line' id='line_1_35' title="bbox 65 3033 1937 3115; baseline 0.003 -28"><span class='ocrx_word' id='word_1_302' title='bbox 65 3033 355 3109; x_wconf 79' lang='lat' dir='ltr'>Meyer,</span> <span class='ocrx_word' id='word_1_303' title='bbox 401 3034 454 3089; x_wconf 92' lang='lat' dir='ltr'>D</span> <span class='ocrx_word' id='word_1_304' title='bbox 478 3033 728 3090; x_wconf 88' lang='lat' dir='ltr'>irinae</span> <span class='ocrx_word' id='word_1_305' title='bbox 769 3035 1028 3106; x_wconf 86' lang='lat' dir='ltr'>Fries9</span> <span class='ocrx_word' id='word_1_306' title='bbox 1086 3038 1455 3096; x_wconf 88' lang='lat' dir='ltr'>Biatorae</span> <span class='ocrx_word' id='word_1_307' title='bbox 1489 3043 1597 3096; x_wconf 88' lang='lat' dir='ltr'>Fr.</span> <span class='ocrx_word' id='word_1_308' title='bbox 1651 3035 1937 3115; x_wconf 89' lang='lat' dir='ltr'>(Patel-</span> 
     </span>
     <span class='ocr_line' id='line_1_36' title="bbox 65 3113 1956 3199; baseline 0.003 -29"><span class='ocrx_word' id='word_1_309' title='bbox 65 3113 317 3171; x_wconf 86' lang='lat' dir='ltr'>lariae</span> <span class='ocrx_word' id='word_1_310' title='bbox 352 3116 462 3171; x_wconf 89' lang='lat' dir='ltr'>Me</span> <span class='ocrx_word' id='word_1_311' title='bbox 480 3115 614 3194; x_wconf 79' lang='lat' dir='ltr'>y.):</span> <span class='ocrx_word' id='word_1_312' title='bbox 658 3116 802 3173; x_wconf 88' lang='lat' dir='ltr'>hinc</span> <span class='ocrx_word' id='word_1_313' title='bbox 835 3118 1216 3176; x_wconf 84' lang='lat' dir='ltr'>VVahlenb</span> <span class='ocrx_word' id='word_1_314' title='bbox 1235 3121 1435 3199; x_wconf 83' lang='lat' dir='ltr'>ergii</span> <span class='ocrx_word' id='word_1_315' title='bbox 1478 3122 1697 3180; x_wconf 87' lang='lat' dir='ltr'>divisio</span> <span class='ocrx_word' id='word_1_316' title='bbox 1724 3121 1956 3187; x_wconf 46' lang='lat' dir='ltr'>Licheffi</span> 
     </span>
     <span class='ocr_line' id='line_1_37' title="bbox 68 3197 1935 3268; baseline 0.005 -18"><span class='ocrx_word' id='word_1_317' title='bbox 68 3217 212 3252; x_wconf 90' lang='lat' dir='ltr'>num</span> <span class='ocrx_word' id='word_1_318' title='bbox 286 3197 350 3252; x_wconf 89' lang='lat' dir='ltr'>in</span> <span class='ocrx_word' id='word_1_319' title='bbox 421 3197 1049 3258; x_wconf 87' lang='lat' dir='ltr'>homothalamos</span> <span class='ocrx_word' id='word_1_320' title='bbox 1120 3216 1180 3259; x_wconf 92' lang='lat' dir='ltr'>et</span> <span class='ocrx_word' id='word_1_321' title='bbox 1243 3203 1935 3268; x_wconf 81' lang='lat' dir='ltr'>heterothalamOS,</span> 
     </span>
    </p>
   </div>
   <div class='ocr_carea' id='block_1_3' title="bbox 96 3394 1942 3575">
    <p class='ocr_par' dir='ltr' id='par_1_3' title="bbox 96 3394 1942 3575">
     <span class='ocr_line' id='line_1_38' title="bbox 121 3394 1109 3458; baseline 0.009 -23"><span class='ocrx_word' id='word_1_322' title='bbox 121 3396 163 3441; x_wconf 55' lang='grc' dir='ltr'>’ἢ</span> <span class='ocrx_word' id='word_1_323' title='bbox 194 3394 325 3441; x_wconf 80' lang='lat' dir='ltr'>Icon.</span> <span class='ocrx_word' id='word_1_324' title='bbox 356 3396 442 3439; x_wconf 81' lang='lat' dir='ltr'>sel.</span> <span class='ocrx_word' id='word_1_325' title='bbox 472 3397 638 3453; x_wconf 76' lang='lat' dir='ltr'>Crypt.</span> <span class='ocrx_word' id='word_1_326' title='bbox 661 3397 760 3440; x_wconf 86' lang='lat' dir='ltr'>tab.</span> <span class='ocrx_word' id='word_1_327' title='bbox 792 3402 859 3451; x_wconf 69' lang='lat'>14.</span> <span class='ocrx_word' id='word_1_328' title='bbox 895 3399 972 3458; x_wconf 81' lang='lat' dir='ltr'>fig.</span> <span class='ocrx_word' id='word_1_329' title='bbox 999 3400 1038 3444; x_wconf 89' lang='lat' dir='ltr'>I.</span> <span class='ocrx_word' id='word_1_330' title='bbox 1068 3407 1109 3449; x_wconf 82' lang='lat'>2.</span> 
     </span>
     <span class='ocr_line' id='line_1_39' title="bbox 96 3450 1942 3519; baseline 0.005 -27"><span class='ocrx_word' id='word_1_331' title='bbox 96 3450 169 3504; x_wconf 58' lang='lat' dir='ltr'>qk*J</span> <span class='ocrx_word' id='word_1_332' title='bbox 201 3450 341 3516; x_wconf 75' lang='lat' dir='ltr'>Quod</span> <span class='ocrx_word' id='word_1_333' title='bbox 368 3453 485 3494; x_wconf 86' lang='lat' dir='ltr'>haee</span> <span class='ocrx_word' id='word_1_334' title='bbox 510 3453 644 3496; x_wconf 81' lang='lat' dir='ltr'>thalli</span> <span class='ocrx_word' id='word_1_335' title='bbox 667 3453 977 3499; x_wconf 84' lang='lat' dir='ltr'>condensatio</span> <span class='ocrx_word' id='word_1_336' title='bbox 1004 3458 1052 3501; x_wconf 90' lang='lat' dir='ltr'>in</span> <span class='ocrx_word' id='word_1_337' title='bbox 1081 3458 1379 3505; x_wconf 82' lang='lat' dir='ltr'>efformando</span> <span class='ocrx_word' id='word_1_338' title='bbox 1410 3460 1678 3519; x_wconf 82' lang='lat' dir='ltr'>peritheeio</span> <span class='ocrx_word' id='word_1_339' title='bbox 1703 3459 1750 3502; x_wconf 92' lang='lat' dir='ltr'>in</span> <span class='ocrx_word' id='word_1_340' title='bbox 1777 3460 1942 3502; x_wconf 63' lang='lat' dir='ltr'>Pori*</span> 
     </span>
     <span class='ocr_line' id='line_1_40' title="bbox 180 3509 1938 3575; baseline 0.005 -24"><span class='ocrx_word' id='word_1_341' title='bbox 180 3524 250 3551; x_wconf 83' lang='lat' dir='ltr'>na</span> <span class='ocrx_word' id='word_1_342' title='bbox 280 3523 377 3551; x_wconf 89' lang='lat' dir='ltr'>non</span> <span class='ocrx_word' id='word_1_343' title='bbox 408 3509 722 3562; x_wconf 81' lang='lat' dir='ltr'>observetur,</span> <span class='ocrx_word' id='word_1_344' title='bbox 756 3509 805 3553; x_wconf 82' lang='lat' dir='ltr'>id</span> <span class='ocrx_word' id='word_1_345' title='bbox 830 3514 1127 3558; x_wconf 86' lang='lat' dir='ltr'>solummodo</span> <span class='ocrx_word' id='word_1_346' title='bbox 1152 3532 1177 3561; x_wconf 90' lang='lat' dir='ltr'>e</span> <span class='ocrx_word' id='word_1_347' title='bbox 1205 3517 1395 3562; x_wconf 81' lang='lat' dir='ltr'>diversa</span> <span class='ocrx_word' id='word_1_348' title='bbox 1419 3518 1554 3560; x_wconf 84' lang='lat' dir='ltr'>thalli</span> <span class='ocrx_word' id='word_1_349' title='bbox 1586 3515 1763 3575; x_wconf 85' lang='lat' dir='ltr'>pendet</span> <span class='ocrx_word' id='word_1_350' title='bbox 1793 3523 1938 3561; x_wconf 86' lang='lat' dir='ltr'>struc-</span> 
     </span>
    </p>
   </div>
   <div class='ocr_carea' id='block_1_4' title="bbox 71 3565 1692 3683">
    <p class='ocr_par' dir='ltr' id='par_1_4' title="bbox 71 3565 1692 3683">
     <span class='ocr_line' id='line_1_41' title="bbox 175 3565 1692 3634; baseline 0.007 -27"><span class='ocrx_word' id='word_1_351' title='bbox 175 3573 284 3607; x_wconf 79' lang='lat' dir='ltr'>tura</span> <span class='ocrx_word' id='word_1_352' title='bbox 316 3578 437 3622; x_wconf 84' lang='lat' dir='ltr'>quae</span> <span class='ocrx_word' id='word_1_353' title='bbox 465 3565 606 3609; x_wconf 82' lang='lat' dir='ltr'>unica</span> <span class='ocrx_word' id='word_1_354' title='bbox 633 3567 781 3623; x_wconf 84' lang='lat' dir='ltr'>igitur</span> <span class='ocrx_word' id='word_1_355' title='bbox 805 3567 1080 3614; x_wconf 84' lang='lat' dir='ltr'>differentia</span> <span class='ocrx_word' id='word_1_356' title='bbox 1107 3572 1234 3619; x_wconf 78' lang='lat' dir='ltr'>inter</span> <span class='ocrx_word' id='word_1_357' title='bbox 1265 3583 1469 3634; x_wconf 83' lang='lat' dir='ltr'>utraque</span> <span class='ocrx_word' id='word_1_358' title='bbox 1497 3588 1692 3633; x_wconf 82' lang='lat' dir='ltr'>genera·</span> 
     </span>
     <span class='ocr_line' id='line_1_42' title="bbox 71 3620 1115 3683; baseline 0.011 -22"><span class='ocrx_word' id='word_1_359' title='bbox 71 3620 168 3674; x_wconf 47' lang='grc' dir='ltr'>ἢῆ</span> <span class='ocrx_word' id='word_1_360' title='bbox 198 3620 329 3663; x_wconf 73' lang='lat' dir='ltr'>leon.</span> <span class='ocrx_word' id='word_1_361' title='bbox 359 3623 442 3666; x_wconf 77' lang='lat' dir='ltr'>sel.</span> <span class='ocrx_word' id='word_1_362' title='bbox 474 3623 640 3681; x_wconf 80' lang='lat' dir='ltr'>Crypt.</span> <span class='ocrx_word' id='word_1_363' title='bbox 667 3624 766 3667; x_wconf 79' lang='lat' dir='ltr'>tab.</span> <span class='ocrx_word' id='word_1_364' title='bbox 795 3632 860 3670; x_wconf 87' lang='lat'>10.</span> <span class='ocrx_word' id='word_1_365' title='bbox 900 3627 975 3683; x_wconf 83' lang='lat' dir='ltr'>fig.</span> <span class='ocrx_word' id='word_1_366' title='bbox 1007 3629 1041 3671; x_wconf 91' lang='lat' dir='ltr'>l.</span> <span class='ocrx_word' id='word_1_367' title='bbox 1071 3634 1115 3674; x_wconf 80' lang='lat'>5.</span> 
     </span>
    </p>
   </div>
  </div>
 </body>
</html>
