2163 3852
631 189 835 240 Amin.
926 191 1167 242 Comum.
1244 191 1417 244 ULvA.
1907 203 1977 257 19

79 341 158 393 sic
205 339 366 390 dictis
412 339 782 407 integerrimis
827 340 1105 391 annulisve
1143 341 1574 393 horizontalibus
1615 345 1968 415 interceptae,

76 411 252 461 rarius
312 409 368 459 in
430 411 686 459 varietate
737 411 1146 461 lomentaria
1212 413 1615 480 dissepimentis
1675 421 1968 470 contractis

80 481 231 550 quasi
271 479 604 530 articulatae.
679 482 820 531 Gon
840 481 975 549 gyli
1009 481 1166 542 fusci,
1205 482 1552 548 pyrfformes,
1594 498 1866 538 externam
1888 489 1972 542 so-

77 553 218 602 ciem
248 550 414 599 dense
452 550 804 602 obducentes».

217 635 285 688 In
326 635 542 687 Oceano
580 636 879 687 Brasiliam
918 637 1180 689 alluente.

614 789 764 833 XVII.
810 788 1058 836 CODIUNI
1101 806 1302 837 sracxu.
1342 808 1424 837 Αῦ.

81 890 358 925 ιΑΠΑΒΗιΑ
397 890 610 934 omvxo,
653 891 937 925 AGAanA
978 893 1297 940 CABRERAE,
1339 896 1698 931 sPomGocmM
1736 899 1975 932 LAMOUR.

245 981 540 1061 Sporae
583 981 1068 1061 pulverisormes,
1116 984 1387 1046 inclusae
1430 990 1776 1068 sporangiis
1817 991 1976 1051 vesi-

75 1062 500 1122 culiformibus
537 1064 946 1144 periphericis
992 1067 1054 1123 in
1101 1068 1177 1124 th
1196 1069 1354 1127 allo
1400 1070 1718 1130 frondoso.

234 1146 487 1203 Frons
532 1146 767 1217 viridis,
821 1161 985 1205 statu
1016 1149 1266 1208 madido
1295 1153 1759 1231 spongiformiS,
1808 1153 1978 1212 sicco

77 1241 458 1299 tomentosa,
506 1228 866 1306 cylindrica,
915 1252 1190 1298 ramosa,
1237 1247 1342 1290 aut
1385 1233 1663 1311 globosa,
1710 1255 1782 1292 ex
1823 1235 1976 1292 utri-

74 1310 229 1369 culis
283 1309 673 1369 filiforniibus
729 1310 1106 1369 tenuissimis
1156 1311 1424 1391 hyalinis
1477 1315 1782 1375 intricatis
1829 1337 1977 1374 con-

76 1407 306 1450 stltuta.

212 1491 501 1542 Observ.
612 1490 912 1558 Sporangia
950 1509 991 1541 s.
1039 1493 1384 1558 coniocystae
1434 1496 1535 1563 Ag.
1585 1496 1663 1544 nil
1704 1507 1827 1546 sunt
1867 1496 1977 1545 nisi

69 1561 252 1627 apices
307 1571 397 1609 aut
455 1559 646 1608 ramuli
704 1561 949 1611 laterales
1007 1562 1210 1612 dilatati
1265 1565 1654 1628 utriculorum,
1715 1569 1809 1636 qui
1846 1566 1978 1615 den-

73 1633 285 1681 sissime
338 1631 579 1680 intricati
633 1642 794 1701 atque
841 1631 1003 1682 latice
1055 1633 1329 1701 pellucido
1380 1653 1583 1703 aquave
1637 1638 1838 1686 marina
1890 1653 1980 1686 re-

72 1702 204 1769 pleti
250 1713 412 1750 totam
460 1701 682 1767 stirpem
735 1715 1084 1769 componunt.
1174 1706 1442 1771 Sporae
1490 1708 1796 1774 simpliceS,
1845 1706 1982 1757 viri-

75 1773 187 1830 des,
238 1771 527 1839 globosae,
577 1790 717 1823 nunc
754 1772 995 1839 pulveris
1035 1774 1205 1823 instar
1245 1776 1377 1825 sicci
1418 1777 1720 1843 parietibus
1760 1795 1983 1845 sporan-

78 1842 293 1911 giorum
332 1854 454 1899 sunt
490 1843 805 1909 inspersae,
844 1861 986 1894 nunc
1025 1845 1273 1912 lymphae
1311 1845 1531 1897 illorum
1568 1848 1830 1898 innatant.

528 1958 570 1997 L
640 1961 932 1999 conlum
987 1957 1534 2011 DECUMBENS.†

211 2049 271 2099 C.
310 2048 503 2099 fronde
540 2048 736 2098 lineari
775 2048 1083 2101 dichotoma
1114 2051 1312 2116 tereti,
1353 2052 1598 2120 apicibus
1639 2053 1978 2122 simplicibus

72 2129 262 2169 acutis.

211 2207 388 2275 Stirps
451 2206 772 2274 singularis,
831 2209 1253 2278 spongiformis‚
1328 2210 1485 2261 basi
1545 2230 1707 2280 parva
1766 2213 1985 2264 conico·

72 2288 273 2327 scutata
310 2276 529 2328 conchis
563 2277 811 2348 saxisque
857 2279 1111 2330 adhaeret
1154 2281 1588 2351 frondemque
1650 2284 1778 2335 inde
1828 2285 1984 2334 emit-

74 2348 140 2396 tit
168 2347 301 2396 duos
323 2348 384 2396 ad
407 2359 639 2417 quatuor
663 2349 749 2397 vel
770 2349 1010 2417 quinque
1028 2351 1255 2415 pollices
1281 2352 1516 2419 longam,
1549 2354 1980 2408 decumbentem.

75 2417 416 2479 laxissimam,
449 2418 726 2477 lubricam,
756 2423 988 2469 obscure
1018 2421 1266 2481 viridem,
1306 2433 1561 2482 teretem,
1604 2426 1853 2475 crassitie
1877 2425 1983 2475 eir-

70 2489 209 2537 citer
254 2504 461 2555 pennae
506 2488 825 2551 anserinae,
895 2490 1272 2557 irregulariter
1311 2490 1666 2543 dichotomo·
1690 2512 1976 2556 ramosam,

69 2558 233 2607 ramis
272 2558 713 2627 unguicularibus
760 2568 816 2608 et
849 2562 1389 2629 sesquipollicaribus
1427 2582 1636 2613 sursum
1687 2565 1976 2616 attenuatis

71 2639 127 2677 et
158 2628 347 2679 acutis.
423 2629 739 2696 Sporang
760 2630 850 2690 ia,
895 2649 1028 2699 quae
1064 2631 1409 2699 superficiem
1441 2635 1608 2684 totius
1637 2634 1849 2685 frondis
1883 2654 1976 2702 pa-

71 2698 314 2764 pulosam
346 2697 597 2759 reddunt,
637 2701 867 2768 oblonga
899 2713 1021 2751 sunt
1050 2715 1103 2753 et
1133 2706 1324 2770 spori
1345 2722 1367 2753 s
1402 2722 1589 2773 magna
1618 2708 1774 2773 copia
1807 2706 1981 2755 refer-

72 2778 141 2818 ta.
231 2767 436 2819 Differt
469 2789 496 2819 a
532 2771 589 2820 C.
624 2780 1024 2822 tomentoso
1056 2774 1216 2823 ramis
1255 2792 1361 2825 non
1396 2776 1599 2827 erectis
1639 2777 1733 2827 sed
1775 2775 1974 2827 divari-

76 2838 209 2888 catis
247 2840 618 2908 integerrimis
651 2851 705 2889 et
737 2842 1040 2891 attenuatis.

212 2924 279 2976 In
320 2935 487 2995 portu
538 2924 974 2996 Soteropolitano
993 2924 1349 2998 frequentem
1397 2931 1538 3003 legi,
1594 2951 1770 3003 prope
1805 2929 1971 2983 Seba-

78 2994 406 3065 stianopolin
445 2995 515 3049 cl.
554 2995 824 3067 Beyrich.

505 3160 590 3205 ΙΙΙ.
650 3162 1082 3209 FUCOIDEAE
1143 3166 1545 3214 GENUINAE.

821 3274 993 3325 xvul.
1043 3273 1230 3321 ULVA.

665 3376 807 3413 uLvA
844 3376 916 3409 ΕΤ
954 3377 1247 3412 ronrnnA
1285 3378 1375 3416 AG.

185 3523 189 3526 ,
243 3463 542 3544 Sporae
586 3468 889 3541 minutae,
936 3469 1250 3530 difformes
1292 3471 1387 3531 vel
1425 3472 1738 3551 globosae,
1783 3473 1865 3532 th
1883 3474 1981 3531 al-

85 3543 158 3603 lo
213 3542 516 3606 frondoso
575 3549 810 3630 absque
867 3552 1086 3611 ordine
1141 3568 1244 3610 aut
1300 3553 1829 3633 subquaternatim
1888 3556 1980 3612 in.-

81 3645 360 3705 spersae,
404 3644 464 3687 et
505 3630 662 3690 aliae
705 3633 773 3690 in
814 3654 1047 3691 soros
1091 3650 1447 3713 congestae.

1329 3731 1359 3758 c)
1396 3718 1430 3750 ἦ
