2163 3852
133 77 239 132 150
553 92 555 94 ·
655 69 968 123 Ltcmtmss.
1005 73 1508 131 anrnrnnmuan,

132 237 301 275 nusve
338 229 651 273 constanter
694 219 753 269 in
793 229 1050 276 stromate
1090 224 1330 277 solitaria
1369 225 1695 290 obveniant,
1746 227 1843 281 sed
1882 230 2045 282 etiam

131 295 357 346 aliarum
408 291 652 342 tribuum
706 293 955 356 specieS,
1015 311 1218 364 eaeque
1272 297 1418 348 nullo
1467 298 1587 365 jure
1627 300 1691 350 ab
1728 299 1923 350 iisdem
1960 319 2042 352 re-

129 363 430 426 movendae
469 378 517 412 e.
566 378 619 428 g.
673 363 1026 426 Pyrenula
1076 368 1485 434 composita
1534 367 2043 431 isch-,Verru-

131 435 326 486 caria
383 429 899 484 arthonioides
966 448 1151 486 nostra
1211 450 1264 487 et
1325 438 1553 506 plurima
1610 441 2043 505 Pyrenastra

133 524 295 574 supra
348 502 641 570 descripta,
695 503 983 568 apothecia
1032 506 1266 556 habeant
1328 509 1543 576 saepius
1594 509 1680 560 vel
1729 522 2045 561 constanter

130 585 419 644 aggregata
457 583 511 623 et
553 584 800 624 connata.
871 579 954 626 Ex
987 576 1352 641 posteriorum
1390 579 1514 629 dein
1556 579 1864 646 specierum
1901 592 2044 632 stru-

132 659 313 702 ctura,
355 660 384 692 e
426 643 751 711 peritheciis
791 644 1050 696 nimirum
1088 648 1365 709 connatis,
1418 649 1546 699 hinc
1585 650 1652 700 ad
1687 651 1842 700 basin
1879 662 2044 719 atque

128 717 186 766 in
224 714 427 764 ambitu
465 715 703 764 incrassa
720 715 790 763 tis
830 717 959 766 satis
1000 734 1273 785 superque
1313 714 1523 781 elucet,
1581 738 1863 771 verrucam
1912 721 2044 771 hinc

133 784 474 836 efformatam
510 786 721 853 nigram
764 787 1404 838 omnino²accidentalem
1431 807 1609 860 neque
1650 794 1780 857 'I'ry
1803 809 1835 858 p
1858 791 1970 841 eth
1988 807 2049 839 e-

128 857 438 908 linarum
501 856 750 906 stromati
823 858 1276 926 aequiparandam
1337 872 1490 923 esse3
1561 861 1755 911 exinde
1814 861 2050 911 similem

130 926 713 993 'I‘rypethelinis
764 928 941 987 veris,
994 929 1262 995 imprimis
1322 930 1756 998 Glyphideis
1813 949 1843 981 e
1902 931 2051 999 peri-

132 996 445 1048 theciorum
496 994 750 1046 confluxu
802 998 1184 1048 obvenientem
1222 1015 1503 1050 verrucam
1546 1001 1755 1067 nigram
1797 1020 1905 1052 non
1945 1018 2048 1069 pro

142 1078 407 1118 stromate
443 1066 744 1116 habendam
783 1085 905 1118 esse
935 1068 1038 1130 (uti
1069 1068 1317 1118 fecerunt
1350 1073 1392 1120 F
1415 1069 1584 1121 eeus
1619 1064 1680 1122 'et
1718 1075 2050 1138 Meyerus

131 1138 189 1188 in
232 1136 630 1205 Glyphide,
671 1135 769 1185 cfr.
811 1155 971 1207 supra
1011 1138 1230 1189 observ.
1271 1157 1321 1205 p.
1366 1139 1508 1201 60),
1552 1142 1645 1191 sed
1699 1154 1920 1191 stratum
1972 1153 2054 1192 te-

132 1225 241 1258 nue
281 1208 460 1258 album
500 1224 662 1274 supra
703 1223 980 1257 verrucam
1033 1226 1158 1258 mox
1215 1208 1521 1276 dispersum
1576 1212 1817 1277 ejusdem
1872 1213 2053 1263 locum

134 1279 409 1332 obtinere.
488 1279 586 1328 Sin
627 1277 813 1339 aliter,
866 1278 1046 1328 nullus
1101 1280 1258 1328 limes
1311 1282 1452 1330 inter
1491 1282 1979 1348 Trypethelin
2000 1300 2056 1332 a·

135 1367 288 1401 rum
326 1361 380 1400 et
418 1349 1071 1403 Verrucarinarum
1110 1367 1307 1418 genera
1345 1350 1588 1419 analoga,
1629 1363 1682 1401 et
1721 1352 1776 1401 in
1822 1352 2058 1402 nonnul-

145 1419 215 1471 lis
253 1419 623 1487 posteriorum
662 1419 951 1486 speciebus
990 1436 1038 1471 e.
1079 1437 1129 1488 g.
1170 1421 1227 1469 in
1280 1422 1740 1472 Astrothelio
1792 1423 2055 1473 conico

140 1502 369 1553 nostro,
411 1488 560 1560 quod
593 1489 758 1540 thallo
793 1506 986 1551 resec,
1026 1490 1270 1542 verrucis
1310 1491 1454 1542 intus
1493 1492 1716 1543 omnino
1754 1493 1928 1560 nigris
1967 1510 2060 1543 ex·

145 1573 235 1613 tus
274 1572 438 1613 strato
477 1560 632 1610 tenui
671 1577 837 1611 aureo
878 1561 1128 1612 obductis
1167 1561 1363 1629 gaudet
1390 1600 1403 1624 ,
1468 1573 1667 1613 stroma
1725 1563 1925 1630 duplex
1973 1580 2059 1614 ac-

141 1632 474 1700 cipiendum.
549 1630 778 1682 Accedit
815 1630 943 1680 dein
979 1630 1157 1691 ratio,
1211 1632 1358 1700 quod
1407 1633 1554 1683 circa
1594 1633 1881 1701 apothecia
1920 1649 2060 1702 quae

142 1705 323 1753 rarius
361 1703 695 1764 obveniunt,
755 1701 999 1753 solitaria
1054 1719 1152 1768 per
1206 1714 1441 1753 crustam
1494 1703 1741 1771 dispersa
1795 1721 1907 1755 non
1957 1703 2063 1754 alia

145 1775 447 1825 substantia
488 1774 652 1842 nigra
696 1771 805 1822 nisi
843 1771 1206 1837 perithecium
1249 1773 1478 1841 simplex
1514 1785 1679 1825 tenue
1719 1774 2058 1836 observatur,

143 1856 349 1896 stroma
387 1845 564 1895 album
602 1859 733 1894 vero
772 1841 968 1891 iisdem
1004 1859 1115 1893 non
1155 1843 1325 1893 deest.

282 1935 394 1986 Pro
432 1933 745 1984 charactere
782 1930 912 1981 hinc
964 1931 1245 1983 essentiali
1282 1944 1529 1986 remanet
1566 1942 1801 1993 stroma,
1856 1931 1904 1982 si
1943 1948 2065 1983 cum

145 2004 304 2057 thalli
360 2001 654 2072 superficie
712 2017 1028 2069 comparas,
1085 2002 1325 2054 discolor
1378 2003 1478 2067 (ne
1539 2002 1758 2072 quidem
1797 2002 1853 2051 in
1892 2003 2064 2054 thallo

148 2075 273 2128 albo
332 2075 554 2130 omnino
612 2073 930 2134 concolor),
994 2091 1264 2142 nunquam
1315 2090 1344 2123 a
1395 2083 1563 2130 strato
1604 2072 1854 2123 corticali
1893 2073 2067 2124 obdu-

144 2158 328 2210 ctum,
365 2146 500 2197 licet
536 2143 594 2192 in
629 2143 1292 2209 Eutrypethelinis
1331 2143 1547 2210 saepius
1601 2142 1667 2194 ad
1719 2142 2070 2213 superficiem

143 2217 460 2269 induratum
497 2213 895 2282 saturatiusque
936 2213 1257 2266 coloratum.

287 2307 440 2358 Idem
477 2316 678 2356 stroma
706 2319 828 2354 cum
864 2301 1019 2352 thalli
1059 2303 1358 2355 substantia
1386 2300 1670 2354 medullari
1702 2312 2070 2369 comparatum

144 2378 316 2447 magis
355 2378 603 2428 minusve
644 2374 902 2425 concolor
940 2384 1040 2424 est.
1115 2375 1326 2425 Exinde
1365 2376 1422 2425 in
1462 2386 1744 2441 systemate
1774 2374 1904 2424 olim
1940 2391 2070 2440 pro·

148 2451 332 2517 posito
366 2464 468 2516 pro
508 2445 822 2497 charactere
861 2445 1142 2495 essentiali
1181 2445 1402 2496 exhibui
1461 2444 1790 2497 substantiae
1843 2456 2072 2495 stroma-

147 2521 223 2570 tis
262 2518 531 2587 stratique
567 2515 880 2566 medullaris
917 2514 1297 2577 identitatem,
1360 2533 1497 2585 quae
1535 2533 1713 2583 neque
1752 2525 1917 2565 strato
1956 2531 2073 2564 me-

152 2590 349 2641 dullari
405 2589 464 2639 in
523 2587 800 2638 nonnullis
853 2584 1174 2647 deficiente,
1252 2604 1432 2656 neque
1502 2584 1858 2636 continuitate
1927 2585 2074 2634 inter

83 2715 91 2718 ,
147 2671 378 2730 utraque
415 2660 755 2725 interrupta,
822 2673 1000 2725 neque
1051 2656 1256 2708 lineola
1313 2657 1458 2707 inter
1513 2667 1780 2725 utraque,
1837 2654 1885 2704 si
1955 2653 2077 2706 alba

150 2743 300 2791 sunt,
338 2730 648 2783 virescente
706 2726 935 2779 tollitur.

291 2819 589 2870 Enimvero
655 2817 712 2866 in
769 2815 1202 2885 Glyphideis
1266 2826 1465 2867 stroma
1507 2815 1681 2865 album
1722 2812 1992 2882 originem
2044 2828 2077 2864 e

154 2899 324 2951 strato
359 2888 641 2940 medullari
691 2888 946 2955 marginis
983 2887 1235 2937 thallodis
1274 2888 1339 2937 ad
1376 2887 1614 2953 speciem
1659 2886 1803 2936 circa
1855 2882 2078 2951 apothe-

158 2962 241 3011 cia
280 2959 514 3011 collecto
546 2959 830 3008 manifeste
860 2958 1093 3018 indicat,
1136 2959 1209 3008 ita
1262 2970 1321 3008 ut
1378 2959 1503 3023 Gly
1529 2957 1690 3023 phis
1729 2956 1793 3005 ad
1832 2954 2078 3004 Leior-

154 3030 509 3082 reumatis
565 3030 862 3079 sectionem
916 3028 1356 3078 Medusulam
1403 3029 1652 3095 proxime
1710 3025 1943 3076 accedat.
2017 3026 2078 3074 In

156 3099 822 3168 Eutrypethelinis
862 3111 1062 3149 stroma
1100 3111 1155 3148 et
1194 3100 1343 3149 thalli
1381 3111 1599 3148 stratum
1637 3096 1931 3146 medullare
1957 3093 2079 3143 sub-

156 3172 288 3222 inde
342 3189 533 3239 parum
571 3170 840 3221 discolora
881 3182 1034 3229 sunt,
1095 3171 1193 3220 sed
1247 3182 1560 3220 constanter
1611 3166 1880 3218 stromatis
1931 3163 2081 3213 colo-

158 3259 279 3293 rem
309 3241 541 3293 nonnisi
623 3242 936 3292 intensitate
994 3250 1050 3290 et
1101 3241 1390 3306 splendore
1439 3241 1504 3289 ab
1559 3239 1729 3290 altero
1769 3235 2082 3286 distinctum

159 3312 410 3364 invenies
449 3309 577 3374 (cfr.
628 3310 895 3379 imprimis
935 3310 1467 3362 Astrothelium
1505 3308 1873 3368 conicum),
1930 3304 2080 3373 quod

157 3381 324 3435 facile
360 3400 393 3435 e
429 3381 729 3433 substantia
782 3383 970 3432 cadem
1022 3382 1079 3431 in
1131 3394 1294 3433 strato
1343 3380 1497 3431 thalli
1536 3376 1833 3435 medullari,
1876 3374 2088 3426 occulta

270 3454 327 3505 in
388 3464 614 3506 stratum
667 3465 830 3503 tenue
883 3469 1143 3519 expansa,
1194 3453 1248 3502 in
1303 3463 1560 3503 stromate
1613 3442 1745 3505 vero
1792 3455 2080 3516 aggregata
