2163 3852
195 120 302 173 242
792 152 796 157 .
820 111 1119 159 [neamus.
1183 108 1452 157 Lamum.

201 270 377 321 nullae
415 264 649 333 ejusdem
688 267 904 329 generis
943 259 1153 326 species
1193 256 1417 307 eundem
1463 254 1719 322 marginis
1755 251 2071 316 dehiscendi

202 341 415 392 modun]
485 333 649 399 magis
712 330 952 378 minusve
1013 329 1318 378 distinctum
1385 325 1700 392 perhibent,
1776 339 1940 391 quae,
2023 320 2070 371 si

202 410 462 478 Pyxine
514 401 812 467 recipitur,
878 399 945 449 ol)
997 399 1289 464 marginem
1340 396 1628 446 thallodem
1691 392 2070 460 persistentem

201 481 266 530 ab
314 478 495 528 eadem
549 472 857 526 distinctae,
910 469 963 517 in
1015 467 1297 534 proprium
1346 483 1511 534 genus
1558 481 1666 516 non
1714 463 1838 512 satis
1886 470 2112 514 exacte,

197 542 742 601 circumscribendum
783 538 1114 606 colligendae
1153 536 1349 586 essent.

337 638 740 694 Baeomyces
793 627 941 678 Ach.
993 645 1019 675 a
1069 625 1146 676 Cl.
1185 627 1463 689 Meyero
1511 622 1616 672 huc
1661 619 1873 670 redacta
1919 618 2068 668 thalli

193 706 532 775 partiumque
557 697 984 750 fructificationis
1008 706 1323 746 structuram
1352 693 1530 761 fungis
1549 691 1824 760 propriam
1854 692 2064 752 (verum

194 771 527 842 hymenium)
576 769 754 819 habet.
805 799 871 809 --
940 766 1393 831 Myriotrema
1435 759 1569 815 Fee
1623 759 1926 812 abeodem
1962 756 2068 815 huc

193 846 419 898 relatum
458 843 521 892 ad
561 839 1008 890 Thelotrema
1049 834 1302 903 pertinet.
2055 843 2058 846 ’

815 1013 1039 1057 SECTIO
1077 1011 1115 1054 1.
1177 1007 1438 1053 ZEORA.

334 1133 538 1187 Zeora,
580 1123 728 1175 Fries
759 1122 837 1191 pl.
878 1122 1088 1172 bomon.
1137 1139 1192 1187 p.
1236 1127 1354 1180 244.

333 1217 599 1270 Lecideae
640 1227 692 1265 et
728 1199 1069 1269 Lecanorae'‚
1111 1206 1253 1258 Aah.
1294 1203 1398 1256 Fe'e
1435 1203 1474 1259 l.
1512 1221 1557 1254 c.
1598 1205 1827 1273 species.

329 1305 647 1360 Patellariae
687 1315 740 1353 et
775 1299 1016 1352 Placodii
1054 1296 1179 1348 DC.
1222 1294 1257 1347 I.
1297 1312 1342 1345 c,
1385 1293 1610 1361 species.

354 1403 681 1464 Thallus
728 1401 1003 1480 leprosus
1050 1393 1538 1485 pulverulentus.>

349 1508 456 1586 Ap
479 1503 866 1562 othecium
935 1495 1426 1579 patellaeforme‚
1512 1489 1910 1568 disoigerum,
1979 1488 2073 1568 ju·

187 1591 324 1649 nius
368 1587 639 1665 margine
684 1581 953 1641 thallode
999 1580 1361 1660 pulveraoeo
1397 1572 1786 1642 obvallatum,
1833 1571 2074 1629 demum

184 1672 463 1730 liberum.

329 1768 570 1820 Adnot.
648 1763 868 1828 Species
937 1760 1024 1810 vix
1072 1758 1177 1806 nisi
1231 1755 1396 1805 thallo
1446 1753 1821 1820 pulverulento
1869 1770 1913 1799 s.
1971 1763 2075 1801 tar-

187 1856 336 1894 tareo
389 1833 746 1888 essentialiter
797 1831 1114 1886 distinczae‚
1188 1825 1336 1892 cujus
1383 1823 1599 1874 residua
1658 1823 1714 1870 in
1776 1821 2075 1888 apotheciis

191 1910 416 1962 emersis
469 1904 761 1971 marginem
820 1899 1108 1950 thallodem
1178 1895 1415 1961 spurium
1480 1891 1825 1943 constituunt.
1923 1892 2075 1942 Aliae

185 1980 500 2037 nonnullae,
562 1991 695 2043 quae
745 1973 808 2021 ad
856 1973 1137 2020 Zeoram
1185 1969 1284 2016 Fv.
1339 1963 1540 2015 referri
1590 1972 1842 2030 possunt,
1911 1962 2073 2012 thallo
2118 1976 2121 1979 ·

189 2052 447 2103 solidiore
499 2046 820 2114 gaudentes,
894 2052 1083 2089 statum
1139 2038 1352 2104 quidem
1408 2034 1646 2084 exactius
1695 2031 2072 2082 intermedium

188 2124 332 2172 inter
385 2116 753 2168 Lecideam
805 2122 856 2161 et
914 2114 1336 2160 Lecanoram
1389 2104 1662 2163 indicant,
1727 2102 1820 2152 sed
1875 2103 2074 2153 limites

191 2207 405 2262 quoque
446 2186 606 2236 modo
644 2186 851 2234 desunt.
927 2180 1012 2232 Oh
1053 2179 1272 2245 gradum
1314 2175 1693 2225 intermedium
1730 2172 1873 2225 inter
1908 2175 2077 2224 Par-

191 2262 487 2314 melinas
529 2267 583 2306 et
620 2252 993 2304 Leeidinas
1032 2250 1119 2299 hic
1159 2251 1415 2297 Zeorae
1453 2246 1603 2295 locus
1644 2253 1743 2294 est.

558 2432 596 2471 1.
665 2431 994 2470 LECIDEA
1079 2425 1640 2466 BIMARGINATA.
1696 2413 1728 2469 †

332 2554 392 2600 L.
431 2559 606 2599 crusta
656 2547 1070 2596 subtartartarea
1111 2543 1225 2592 alba
1277 2539 1525 2600 evanida,
1578 2537 1877 2605 apotheciis
1917 2538 2078 2588 sessi-

191 2624 330 2672 libus
404 2617 812 2683 subeylindricis
892 2619 1056 2674 atris,
1136 2612 1439 2679 junioribus
1507 2609 1684 2658 albido
1716 2636 1735 2647 -
1767 2608 2074 2676 pruinosis,

194 2693 347 2742 disco
385 2691 543 2756 plano
583 2685 1019 2744 convexi-,mentm
1064 2683 1301 2750 margine
1342 2680 1568 2747 proprio
1603 2678 1751 2728 tenui
1788 2689 1910 2745 post
1946 2696 2082 2729 mar-

194 2763 374 2831 ginem
417 2759 696 2808 thallodem
739 2757 980 2822 spurium
1020 2754 1266 2802 amissum
1308 2753 1649 2818 persistente.

336 2855 552 2906 Thallus
621 2863 930 2901 crustaceus
983 2848 1348 2915 subaequalis,
1416 2845 1597 2912 junior
1664 2842 2078 2904 solidiusculus‚

197 2928 410 2978 demum
461 2924 813 2973 sat-inulentus
878 2931 931 2970 et
987 2920 1238 2970 evanidus
1292 2934 1390 2967 nee
1444 2917 1549 2965 nisi
1603 2918 1748 2964 circa
1798 2912 2081 2981 apothecia

196 2997 463 3049 residuus.
538 2992 835 3058 Apothecia
890 3008 1099 3055 sparsa,
1170 2988 1407 3046 sessilia,
1469 2986 1628 3035 etiam
1692 2996 1816 3054 post
1864 2983 2081 3032 thallum

198 3069 504 3135 dispersum
565 3064 680 3112 sere
739 3060 1031 3126 cylindrica
1090 3075 1190 3108 nec
1248 3059 1361 3108 basi
1426 3066 1729 3124 angustata,
1794 3052 2078 3115 nonnulla,

198 3138 278 3188 uti
330 3137 570 3191 videtur,
621 3133 721 3198 jam
778 3133 831 3179 in
900 3141 1037 3178 statu
1100 3129 1313 3194 juniore
1371 3129 1617 3194 angulata
1683 3137 1735 3175 et:
1787 3121 2078 3172 difformia.

196 3207 392 3257 Discus
468 3199 1175 3271 plano—convexiusculus,
1258 3197 1439 3264 junior
1504 3192 2077 3260 albido'-pruinosus‚

198 3277 440 3345 margine
476 3274 712 3322 thallode
765 3269 988 3320 subinde
1027 3267 1382 3318 crassiusculo
1423 3265 1661 3323 cinetuS‚
1712 3274 1952 3315 vetustus
1989 3261 2083 3313 de·

199 3347 425 3398 nudatus
464 3355 606 3402 ater,
669 3342 907 3409 margine
946 3339 1179 3387 thallode
1228 3337 1546 3398 destitutus,
1602 3336 1918 3402 plerumque
1955 3348 2082 3402 pro-

201 3418 322 3484 prio
379 3414 523 3465 tenui
577 3412 800 3462 cinctus.
876 3408 1274 3476 Hypothecium
1313 3418 1507 3466 tenue,
1556 3404 1795 3475 quamvis
1844 3403 1900 3453 in
1946 3411 2086 3452 statu

202 3486 417 3538 madido
458 3500 631 3554 aeque
681 3498 739 3532 ac
792 3482 847 3531 in
902 3480 1049 3530 sicco
1089 3479 1300 3530 intense
1349 3476 1592 3545 nigrum,
1646 3474 1864 3526 minime
1907 3483 2086 3524 tamen
