2163 3852
667 92 970 145 Lxcnnncs.
1008 92 1333 148 Oxrs'rons.
1875 96 1944 151 91

70 242 475 313 apotheciorum
515 240 582 293 ab
639 242 890 294 omnibus
936 244 1153 311 generis
1209 243 1494 310 speciebus
1541 243 1825 307 distincta3
1875 242 1947 293 ob

2 366 5 379 ,
70 325 265 365 statum
304 331 433 365 vero
471 311 814 379 speciminis,
854 313 1037 375 unici,
1076 314 1131 363 ni
1166 313 1364 376 fallor,
1413 313 1685 382 juniorem
1720 331 1829 365 non
1862 328 1950 361 ac-

72 384 309 435 curatius
364 381 682 433 definienda.
757 381 1057 449 Superficie
1105 384 1259 450 plana
1300 385 1509 436 accedit
1557 385 1623 436 ad
1660 380 1952 450 Graphi-

71 454 221 504 dem
258 454 771 520 platycarpam,
810 471 946 523 quae
971 454 1176 505 veroin
1207 455 1386 507 medio
1405 467 1559 508 acute
1588 455 1778 506 rimata
1803 451 1952 504 aliis-

68 540 175 593 que
208 524 353 574 notis
389 521 595 573 differt.

209 612 446 661 Adnot.
486 609 560 660 ad
598 627 835 677 genus.
915 612 1144 661 Praeter
1188 613 1400 678 speeies
1447 633 1608 683 supra
1653 613 1950 684 descriptas

68 681 367 749 specimina
403 681 509 731 tria
547 680 802 730 habemus
841 681 896 730 in
931 682 1159 749 regione
1197 684 1452 734 Parae‘nsi
1498 686 1634 736 lecta
1674 687 1737 737 ad
1776 687 1949 754 Ope-

66 751 391 820 grapham
426 751 1044 802 verrucarioidem
1085 751 1370 802 Acharii
1408 757 1768 821 pertinentia3
1824 775 1947 809 cum

65 822 199 872 haec
227 838 369 872 vero
411 837 532 870 cum
569 821 814 871 omnibus
860 822 1207 873 varietatibus
1255 825 1471 873 nonnisi
1517 828 1780 876 variarum
1822 847 1950 896 spe-

62 893 270 942 cierum
311 889 734 941 deformationes
773 908 890 941 esse
926 891 1201 953 videatur,
1256 904 1438 944 nostra
1476 896 1563 945 cui
1594 897 1949 950 adscribenda

62 962 171 1012 sint
209 961 413 1027 specIei
461 961 785 1029 ignoramus.
858 962 917 1011 Id
951 963 1170 1030 quidem
1210 981 1311 1031 pro
1360 976 1511 1016 certo
1555 966 1838 1028 habemm,
1878 971 1946 1021 ad

67 1033 197 1082 duas
241 1032 515 1099 pertinere
551 1032 791 1098 speeies:
842 1031 906 1080 ad
953 1033 1228 1098 priorem,
1289 1053 1424 1102 quae
1472 1035 1671 1088 habent
1713 1051 1947 1090 crustam

63 1102 478 1168 sublaevigatam
502 1101 913 1151 crassiusculam
936 1102 1164 1152 albidam
1192 1104 1716 1159 subcinerascentem
1745 1109 1800 1159 in
1821 1127 1951 1161 con-

64 1170 198 1222 finio
240 1172 399 1240 nigro
431 1200 451 1210 ·
477 1172 853 1238 marginatam,
913 1172 1196 1239 apothecia
1256 1174 1507 1226 immersa
1566 1179 1835 1244 conferta,
1891 1180 1951 1230 in

67 1243 230 1293 unico
262 1242 561 1309 specimine
607 1242 784 1291 omnia
824 1240 1077 1308 globosa,
1127 1243 1242 1293 basi
1285 1245 1532 1312 integra,
1586 1249 1785 1301 ostiolo
1835 1268 1953 1300 sae-

67 1313 193 1381 pius
240 1313 490 1372 dilatato,
548 1312 857 1379 perithecio
907 1330 1139 1378 superne
1181 1315 1334 1382 quasi
1379 1327 1602 1382 pertuso
1649 1319 1734 1370 vel
1774 1319 1955 1372 dehis-

69 1393 256 1443 cente,
310 1383 367 1431 in
408 1381 578 1433 altero
620 1382 918 1449 specimine
963 1383 1218 1432 nonnulla
1252 1387 1686 1438 ovato-linearia
1720 1391 1956 1441 rectius-

72 1452 192 1504 cula
227 1465 281 1504 et
311 1470 500 1520 parum
530 1450 769 1501 flexuosa
804 1452 992 1500 rimata
1017 1454 1293 1518 prioribus
1319 1455 1445 1505 hinc
1474 1457 1599 1507 inde
1627 1458 1957 1513 intermixta.

72 1521 336 1573 Nucleum
356 1520 571 1572 nonnisi
599 1522 653 1569 in
675 1521 949 1586 prioribus
977 1522 1395 1585 observavimuS,
1434 1538 1492 1576 ut
1523 1529 1759 1595 speeiem
1779 1532 1961 1598 potius

70 1591 549 1646 Verrucariae
599 1592 1042 1652 adnumeremus,
1103 1593 1313 1645 simodo
1374 1615 1608 1665 unquam
1654 1599 1811 1666 hujus
1867 1602 1961 1654 de-

23 1711 27 1716 ,
69 1663 477 1732 generationem
514 1661 570 1710 in
609 1661 1061 1727 Graphidem‚
1101 1663 1358 1716 similiter
1382 1683 1442 1718 ac
1474 1668 1778 1733 inversum,
1818 1689 1958 1724 com-

70 1744 275 1801 pertam
310 1732 648 1782 haberemus.

208 1820 387 1872 Alteri
437 1819 645 1888 speciei
690 1819 1046 1872 adscribimus
1095 1823 1372 1889 specimen
1414 1838 1593 1878 crusta
1629 1829 1960 1901 inaequabili

67 1891 289 1943 cinereo
313 1922 334 1932 -
360 1890 698 1954 virescente,
774 1890 1073 1958 apotheciis
1125 1894 1301 1944 minus
1340 1895 1610 1948 immersis
1652 1900 1778 1952 hinc
1828 1904 1956 1956 inde

67 1960 491 2021 confluentibus,
527 1961 646 2010 aliis
684 1960 927 2028 globosis
963 1962 1049 2011 vel
1077 1966 1295 2015 astomis
1332 1966 1418 2015 vel
1453 1969 1718 2022 ostiolatis
1749 1985 1799 2022 et
1833 1975 1958 2024 sub-

68 2032 368 2101 papillafis,
423 2032 510 2081 vel
545 2032 781 2081 rimatim
844 2030 1285 2103 difformiterque
1327 2038 1667 2104 aperiundis‚
1743 2045 1964 2110 paucio-

70 2102 224 2154 ribus
258 2101 551 2153 linearibus
575 2102 831 2155 brevibus
863 2103 1073 2153 rimatis
1099 2104 1312 2156 demum
1342 2109 1547 2176 apertis
1577 2113 1960 2169 canaliculatis.

715 2269 801 2313 111.
862 2271 1226 2317 OXYSTOMA.
1284 2275 1316 2327 ’Χ-

211 2379 550 2432 Esclzweiler
585 2379 735 2450 Syst.
774 2379 935 2433 Lich.
969 2403 1028 2452 p.
1073 2395 1150 2448 ¹4·
1185 2382 1299 2455 fig.
1340 2391 1392 2442 5.

214 2471 542 2539 Opegrapha
581 2471 871 2537 Oxystoma
892 2510 904 2532 ‚
947 2470 1097 2523 Fries
1124 2473 1204 2542 pl.
1232 2474 1445 2528 bomon.
1477 2498 1535 2549 p.
1566 2483 1686 2550 273.

236 2562 288 2618 A
305 2582 344 2641 p
363 2583 398 2619 o
411 2576 436 2619 t
451 2559 493 2616 h
508 2582 539 2618 e
559 2560 680 2618 eiu
696 2584 757 2619 m
797 2561 1028 2621 lineare
1072 2565 1389 2645 immargin
1399 2586 1561 2629 atum
1570 2615 1588 2643 ,
1633 2597 1959 2649 ramosum,

68 2641 597 2721 subeylindrieum
611 2685 628 2713 ,
692 2664 930 2703 sursum
978 2646 1509 2725 longitudinaliter
1541 2677 1962 2738 compressum

73 2724 430 2804 rhapheque
484 2726 874 2805 prominente
931 2729 1292 2803 dehiscenS,
1349 2736 1691 2815 peritheeio
1740 2742 1962 2801 carbo-

72 2827 265 2865 naceo
304 2807 564 2885 integro.

235 2909 287 2963 T
303 2908 344 2965 h
359 2907 427 2964 al
442 2907 516 2965 lu
532 2930 559 2966 s
603 2924 976 2969 ernstaceus.

212 3005 463 3058 Adnot.
535 3010 720 3059 Genus
754 3028 782 3058 a
814 3010 1059 3078 proxima
1093 3013 1472 3079 Graphidis
1508 3019 1751 3072 sectione
1790 3023 1963 3092 Ope-

77 3076 338 3144 grapha
392 3087 515 3126 nota
559 3080 866 3140 essentiali,
921 3083 1210 3135 eminentia
1255 3085 1507 3138 nimirum
1554 3092 1965 3157 apotheciorum

73 3145 454 3214 longitudinali
484 3159 634 3198 acuta
662 3168 762 3215 pro
788 3151 922 3200 rima
945 3189 958 3213 ‚
997 3153 1190 3205 nucleo
1223 3154 1380 3216 hinc,
1421 3159 1466 3207 si
1498 3177 1614 3210 cum
1656 3163 1795 3230 Ope
1815 3184 1892 3233 gr
1906 3186 1962 3216 a-

77 3215 205 3283 pha
249 3217 374 3279 (cfr.
414 3218 594 3267 adnot.
634 3218 760 3278 huic
812 3222 1169 3289 subjunctam)
1207 3241 1519 3294 compares3
1560 3234 1704 3301 quasi
1751 3237 1964 3304 resupi-

74 3296 200 3336 nato
249 3286 578 3336 distinctum.
664 3290 931 3355 Apertura
979 3293 1147 3361 igitur
1193 3297 1465 3363 apothecii
1517 3304 1746 3369 perinde
1789 3323 1850 3356 ac
1903 3307 1961 3356 in

73 3356 499 3418 Pyrenastro
557 3369 611 3408 et
663 3360 1141 3426 Astrothelio,
1198 3368 1490 3434 generibus
1537 3375 1776 3444 analogis
1831 3395 1960 3444 pro-

78 3424 238 3474 ducta
270 3437 381 3488 est,
420 3443 522 3477 nec
557 3445 665 3479 non
695 3434 988 3484 eorundem
1032 3436 1099 3485 ad
1141 3437 1358 3487 modum
1401 3439 1457 3490 in
1497 3445 1683 3510 specie
1714 3463 1841 3498 mox
1869 3446 1961 3499 de·

76 3494 362 3548 scribenda
389 3499 603 3566 saepius
634 3500 914 3567 apothecia
934 3539 948 3567 ,
997 3505 1151 3573 plura
1177 3520 1404 3561 connata
1437 3526 1576 3567 sunt.

1623 3652 1729 3666 ιαμ-..ιιι
1737 3655 1751 3666 ι
1783 3646 1836 3666 ’Ὶκμ
1860 3656 1868 3663 1
