2163 3852
629 77 933 129 Lucanum.
1005 75 1374 126 Pan-rosanu-
1844 79 1942 142 αξ

58 228 211 280 riae
249 237 306 279 et
342 226 870 277 Tbelotremati
906 224 1187 285 attribuit,
1224 242 1293 273 ne
1323 224 1377 272 in
1411 222 1566 272 unica
1592 223 1810 291 quidem
1845 224 1941 274 ho-

54 316 171 348 rum
195 314 456 364 generum
487 295 670 363 specie
706 296 892 345 videre
924 295 1181 361 contigit,
1221 311 1395 362 neque
1438 293 1629 343 dubito
1670 293 1747 342 (ΣΙ.
1801 295 1940 344 Auc-

51 379 226 418 torem
260 368 544 434 gelatinam
578 366 749 431 ipsam
785 382 938 415 ascos
982 363 1347 414 involventem
1385 380 1445 413 ac
1476 363 1531 413 in
1560 374 1702 413 statu
1732 375 1938 414 maturo

53 438 201 488 sicco
232 438 317 487 vel
357 435 714 487 semihumido
755 435 1010 486 interiori
1053 433 1339 500 perithecii
1379 434 1462 483 vel
1495 450 1753 483 verrucae
1789 433 1939 483 locu-

50 508 271 558 lamenti
304 508 530 574 paginae
575 505 956 555 adhaerentem
1004 522 1104 570 pro
1157 503 1249 552 tali
1293 502 1569 562 habuisse,
1622 521 1777 572 quam
1807 521 1937 554 vero

50 578 149 628 sul)
191 596 325 644 aqua
373 594 496 627 sese
545 576 880 641 expandere,
927 574 1158 641 spatium
1186 584 1355 622 totum
1390 573 1614 637 implere
1653 575 1939 642 ipsumque

46 648 295 697 nucleum
353 645 1004 712 {loccoso-gelatinosum
1055 643 1386 693 constituere
1434 644 1641 692 iteratis
1690 644 1937 695 observa-

45 717 286 768 tionibus
314 716 712 783 comperimust
753 727 994 765 ceterum
1021 732 1088 764 ne
1124 714 1240 780 ipse
1269 714 1486 780 quidem
1517 713 1569 760 in
1599 714 1755 764 icone
1778 733 1937 782 quam

46 788 199 838 dedit
247 798 434 838 auctor
485 785 780 837 Porinae
832 798 1162 852 pertusae
1215 801 1341 832 suae
1392 779 1747 847 (Livlzeuogr.
1787 784 1933 834 unic.

44 857 156 907 tab.
193 851 374 924 7.fig.
421 876 459 905 ι.
493 855 594 916 Α.)
633 855 992 922 perithecium
1026 853 1293 922 quoddam
1331 853 1604 902 indicavit.
1680 854 1936 903 Substan—

41 928 116 977 tia
149 945 277 977 vero
306 927 483 976 nuclei
516 927 850 992 compactior
878 943 1034 995 quam
1070 924 1124 973 in
1162 924 1281 973 aliis
1313 924 1601 992 generibus
1630 923 1935 989 perithecio

42 997 419 1067 gaudentibus.

180 1087 418 1139 verruca
448 1095 639 1150 utpote
662 1103 691 1134 a
724 1084 1016 1135 substantia
1050 1083 1201 1133 thalli
1240 1080 1486 1132 corticali
1527 1081 1792 1141 obducta,
1831 1098 1934 1148 pro

39 1173 186 1205 mera
230 1155 377 1207 thalli
423 1155 833 1205 intumescentia
876 1154 1230 1213 accidentali,
1298 1169 1476 1219 neque
1520 1162 1577 1200 ut
1623 1163 1821 1202 stroma
1876 1153 1934 1201 in

41 1225 670 1293 Trypetheliaceis
709 1243 808 1291 pro
848 1237 970 1275 nota
1007 1223 1345 1292 diagnostica
1382 1221 1641 1272 habenda.

174 1314 303 1364 Asci
349 1314 644 1383 thecaeque
690 1314 1022 1382 singulareS,
1096 1312 1340 1370 maximi,
1393 1310 1562 1360 limbo
1609 1309 1820 1378 aequali
1855 1308 1932 1359 la-

34 1382 298 1445 tiusculo,
359 1385 415 1434 in
452 1384 727 1451 prioribus
764 1401 946 1450 parum
978 1384 1261 1448 opaciore,
1316 1382 1371 1429 in
1401 1381 1574 1430 thecis
1599 1417 1612 1437 ,
1671 1381 1716 1430 si
1749 1381 1927 1446 sporis

37 1454 278 1504 refertae
312 1466 462 1513 sunt,
518 1453 874 1520 pellucidiore
913 1453 1188 1519 insignes,
1248 1451 1343 1520 qui
1375 1451 1505 1499 alias
1537 1451 1590 1499 in
1627 1450 1930 1499 lichenibus

35 1525 344 1573 rarissimus
382 1525 458 1587 (v.
487 1540 532 1573 c.
563 1524 617 1572 in
648 1524 1082 1575 Verrucaria
1122 1522 1438 1589 prasina,
1472 1520 1526 1568 in
1572 1519 1929 1569 Astrothe-

36 1593 140 1645 lio
180 1594 561 1645 isabellino
610 1594 861 1655 nostris),
914 1593 971 1642 in
1015 1592 1195 1659 fungis
1237 1608 1364 1641 vero
1409 1591 1785 1660 frequentior,
1846 1590 1930 1656 ip-

34 1665 145 1713 sius
185 1664 524 1714 membranae
561 1663 773 1713 thecam
807 1679 1057 1713 ascumve
1097 1661 1478 1712 constituentis
1516 1659 1930 1710 crassitudinem

37 1734 277 1786 indicare
308 1735 520 1785 videtur
554 1735 736 1802 potius
766 1752 922 1803 quam
950 1733 1223 1801 duplicem
1264 1731 1653 1791 membranam,
1708 1741 1764 1779 ut
1801 1747 1932 1780 con-

36 1804 327 1855 ten-,lerunt
382 1805 787 1867 Acharius*)
824 1816 878 1854 et
915 1804 1357 1868 Meyerus.**)
1432 1805 1627 1852 Forma
1681 1817 1930 1851 ascerum

33 1875 592 1940 clavato-cylindrica,
632 1875 907 1924 thecarum
938 1874 1473 1943 oblongo-elliptica,
1514 1871 1725 1938 saepias
1757 1871 1931 1919 utrin-

34 1963 140 2014 que
168 1946 464 1996 acuminata
497 1946 582 1996 vel
608 1944 1083 1995 subrhomboidea.
1160 1947 1424 1994 Numerus
1456 1943 1733 1992 thecarum
1776 1940 1932 1989 bina--

34 2016 147 2067 rius
191 2016 276 2066 vel
324 2016 730 2085 quaternariu5‚
784 2017 870 2068 vel
913 2015 1262 2078 octonariuS,
1314 2032 1421 2084 quo
1459 2014 1682 2064 adaucto
1727 2010 1932 2079 magni-

33 2087 164 2138 tudo
195 2087 482 2137 decrescit.

173 2176 317 2227 Huic
364 2176 704 2243 respondere
740 2174 957 2225 videtur
988 2172 1303 2224 nucleorum
1333 2189 1586 2222 numerus
1626 2171 1929 2222 communis

33 2245 276 2296 binarius
326 2247 412 2297 vel
454 2245 826 2316 quaternarius
866 2245 921 2294 in
957 2245 1146 2312 quavis
1176 2261 1436 2303 verruca,
1476 2243 1534 2292 ni
1562 2241 1793 2292 solitarii
1821 2241 1933 2290 sint

33 2318 215 2367 nuclei
253 2317 485 2380 inclusi3
543 2315 808 2368 ternarius
860 2315 1170 2365 rarissimus
1213 2331 1282 2365 ex
1331 2313 1488 2364 unius
1519 2311 1700 2377 nuclei
1733 2311 1932 2363 abortu

31 2386 169 2439 oriri
198 2387 428 2438 videtur.

175 2475 614 2529 Variolarias
654 2490 846 2525 omnes
892 2474 973 2524 sic
1016 2472 1188 2522 dictas
1223 2469 1678 2520 Pertusariae
1714 2467 1930 2534 specie·

34 2561 154 2595 rum
188 2546 525 2615 aliorumque
563 2545 837 2595 lichenum
873 2555 1042 2594 status
1070 2559 1190 2593 esse
1223 2541 1552 2592 deformatos
1583 2551 1744 2608 atque
1770 2538 1930 2589 abor-

34 2616 204 2674 tivos,
255 2635 363 2666 non
409 2616 635 2685 amplius
681 2615 928 2665 dubitare
973 2614 1134 2674 licet3
1187 2612 1410 2661 nucleus
1452 2612 1610 2660 etiam
1660 2608 1751 2677 qui
1796 2608 1927 2658 hine

37 2686 164 2737 inde
195 2687 484 2755 depressus
531 2703 913 2757 nonnunquam
951 2683 1264 2735 dimidiatus
1303 2693 1360 2733 et
1389 2680 1663 2734 difformis
1701 2680 1758 2730 in
1797 2695 1929 2748 apo·

117 2936 171 2991 ’)
200 2935 487 3002 Liclienogn.
513 2936 649 2980 univ.
679 2951 727 2995 p.
756 2940 829 2983 60.
1980 2978 1983 2981 .

95 2995 175 3051 ⁵⁸)
204 2995 295 3046 Die
327 2993 687 3050 Entwnchelung
724 3008 772 3034 u.
808 3006 842 3035 s.
875 3007 936 3035 w.
979 2989 1068 3033 der
1087 2987 1336 3033 Flechten.
1366 2991 1492 3033 1825.
1516 3001 1566 3044 p.
1592 2989 1688 3032 128.
1719 3007 1775 3015 ·-
1803 2983 1924 3029 'rhe-

207 3063 309 3092 eam
340 3063 449 3093 asco
480 3050 708 3092 inclusam
734 3047 991 3092 efformare
1015 3047 1163 3090 talem
1187 3042 1512 3088 membranam
1528 3042 1621 3085 asci
1642 3039 1928 3084 interiorem

204 3104 339 3164 quod
377 3107 656 3161 Meyerus
698 3105 879 3155 refert,
931 3117 1174 3161 nunquam
1212 3099 1314 3143 vidi
1348 3107 1397 3142 et
1433 3097 1492 3140 de
1532 3097 1783 3140 contrario
1814 3095 1928 3139 satis

203 3171 369 3205 certus
395 3176 526 3212 sum,
558 3177 666 3205 cum
689 3161 819 3204 linea
841 3159 1050 3204 interior
1075 3157 1210 3201 limbi
1235 3170 1405 3200 versus
1435 3154 1570 3198 basin
1599 3150 1926 3196 eodemmodo

201 3217 389 3277 apicem
426 3217 652 3260 efformet
683 3231 738 3261 ac
767 3216 972 3260 ambitus
1001 3215 1124 3268 ami,
1167 3229 1272 3257 cum
1303 3220 1558 3271 praeterea
1595 3209 1769 3252 limbus
1807 3223 1925 3251 nun-

201 3288 346 3334 quam
383 3273 546 3326 deest,
593 3272 723 3334 quod
760 3274 906 3317 aliter
937 3286 986 3315 se
1016 3271 1161 3315 habet
1194 3270 1240 3312 in
1283 3270 1674 3314 Verrucaria
1717 3279 1925 3309 auran·

153 3369 156 3373 .
204 3332 319 3381 tia,
353 3345 494 3390 quam
512 3329 601 3373 cfr.
633 3329 997 3373 oculatissimus
1029 3324 1499 3383 Ehrenbergius
1528 3323 1590 3366 ab
1616 3320 1786 3365 eodem
1813 3320 1926 3364 cita-

204 3393 281 3430 tus
305 3384 364 3429 de
394 3388 476 3428 hac
501 3401 556 3430 re
577 3400 810 3445 nusquam
831 3385 1080 3444 loquitur,
1110 3395 1254 3426 voees
1278 3396 1416 3433 vero,
1449 3392 1622 3423 ascus
1656 3386 1704 3422 et
1734 3378 1926 3440 thee-a,

206 3454 253 3485 e.
333 3476 338 3481 .
381 3441 432 3485 in
471 3442 732 3500 Erysibe
769 3442 968 3486 omnino
1017 3438 1190 3483 eodem
1239 3437 1493 3483 nobiscum
1538 3447 1684 3483 nemu
1726 3438 1922 3490 accipit.

205 3498 278 3557 De
296 3454 378 3544 {in
401 3497 493 3562 ᾳῖτ.
523 3496 743 3547 addenda
764 3507 815 3546 et
839 3493 1154 3544 emendanda.
1276 3547 1311 3585 ὓ
