2163 3852
151 107 255 158 215
746 99 1054 147 Licunmss:
1102 97 1407 156 Palmam»

478 254 539 299 B.
614 247 927 316 species
997 247 1387 315 cyphellis
1451 249 1705 302 flavis.

639 389 709 430 25·
766 393 1145 430 PARMELIA
1227 392 1545 429 AURATA.

307 510 363 556 P.
410 505 573 554 thallo
623 505 976 555 adscendente
1030 503 1514 571 glauco-rutilante
1577 502 2028 555 subscrohiculato

164 580 344 626 subtus
381 575 981 642 inilliato-lanuginoso,
1021 573 1277 639 cyphellis
1315 575 1509 632 aureis,
1547 573 1758 622 laciniis
1798 574 2025 623 sinuato-

168 647 388 705 incisis‚
447 645 684 694 scutellis
736 643 1111 710 marginalibus
1165 642 1430 710 obliquis,
1488 643 1635 692 disco
1691 643 1850 709 plano
1901 654 2035 695 atro-

165 712 471 784 purpureo,
509 715 745 782 margine
783 714 1009 763 foliaceo
1049 729 1209 761 aureo
1248 713 1594 780 integerrimo
1635 713 1872 787 obliquo.

305 809 454 861 Icon.
491 808 584 861 sel.
625 818 873 878 cryplog.
924 828 981 876 p.
1023 817 1103 870 24.
1160 806 1268 857 tab.
1314 818 1389 870 ¹4·
1439 804 1545 875 fig.
1587 827 1628 857 ι.

303 921 508 971 Lichen
534 931 783 980 auratus,
835 916 1037 982 Smith,
1077 915 1242 985 Engl.
1281 916 1385 966 bol.
1418 935 1548 986 pag.
1589 919 1742 984 2359.

270 996 474 1069 vSticta
511 1025 690 1064 aurata
731 1011 870 1062 Ach.
917 1011 1097 1062 Illellz.
1138 1011 1259 1062 liclz.
1313 1031 1369 1080 p.
1408 1030 1525 1080 277.
1574 1043 1643 1052 —
1701 970 1898 1077 ΕῘιιςᾱ,ν
1936 1008 2034 1061 Li-

370 1085 622 1151 clzenogr.
661 1081 808 1133 univ.
844 1101 900 1149 ρ.
936 1085 1054 1144 448.
1094 1112 1163 1122 --
1229 1080 1417 1147 Ejusd.
1457 1086 1590 1150 Syn.
1636 1101 1692 1150 p.
1732 1083 1848 1133 232.

265 1171 277 1175 “
305 1182 560 1235 Platisma
597 1191 884 1241 crocatum‚
922 1173 1124 1247 Hoffm.
1167 1176 1252 1230 Pl.
1285 1177 1408 1229 Iiclz.
1449 1179 1557 1230 tab.
1588 1179 1672 1230 38.
1697 1172 1809 1246 fig.
1845 1197 1883 1227 1.
1912 1192 1960 1226 2.
1987 1174 2036 1226 3.

307 1297 525 1348 Thallus
570 1296 1031 1355 membranaceus,
1083 1293 1260 1355 laxus,
1312 1295 1538 1345 subinde
1576 1294 1894 1354 latissimus,
1950 1290 2041 1341 ad·
2090 1305 2096 1312 “

168 1368 458 1427 scandens,
498 1385 618 1417 mox
656 1387 683 1416 a
719 1368 839 1416 loco
878 1364 1189 1414 insertionis
1228 1364 1555 1415 difformiter
1590 1365 1884 1414 laciniatuS.
1939 1363 2041 1410 La-

165 1441 336 1490 ciniae
369 1456 408 1487 s.
445 1438 558 1487 lobi
598 1435 1086 1495 ovato-lanceolati‚
1125 1435 1300 1484 antice
1330 1436 1535 1484 dilatati
1560 1434 1864 1495 rotundati,
1913 1431 2041 1480 hinc

166 1509 292 1558 inde
332 1508 682 1565 sublobulati‚
730 1506 967 1573 margine
1012 1505 1175 1572 magis
1217 1506 1455 1555 minusve
1501 1505 1763 1572 profunde
1809 1503 2044 1552 sinuato-

152 1579 403 1644 ‘repando
445 1578 526 1627 vel
556 1578 728 1626 inciso
767 1576 851 1626 vel
890 1593 1083 1635 eroso,
1122 1575 1314 1623 lobulis
1350 1576 1655 1624 crenulatis.
1729 1573 1918 1625 Facies
1956 1588 2045 1620 an-

161 1649 335 1698 terior
371 1648 551 1715 glabra
591 1646 833 1696 obsolete
873 1644 1227 1694 scrobiculata
1251 1681 1263 1702 ‚
1314 1646 1455 1694 sicca
1492 1645 1547 1693 in
1587 1645 1859 1710 juventute
1898 1641 2045 1709 glau-

166 1735 257 1778 ca,
306 1729 444 1766 statu
482 1716 661 1765 adulto
700 1716 989 1782 praecipue
1029 1732 1213 1763 versus
1250 1715 1542 1782 marginem
1578 1712 2043 1764 roseo-rufescens

167 1789 343 1856 (quod
381 1787 425 1835 si
461 1787 691 1851 plantam
727 1802 882 1833 manu
920 1785 1118 1844 vertis,
1158 1784 1443 1834 secundum
1478 1784 1613 1833 lucis
1654 1781 1913 1832 reflexum
1957 1798 2047 1830 va-

166 1857 331 1920 riat),
386 1856 594 1905 madida
628 1856 768 1904 laete
808 1853 1027 1915 viridis3
1078 1864 1135 1901 ut
1183 1853 1333 1903 color
1370 1853 1530 1902 istum
1566 1853 1817 1911 rubrum,
1873 1865 2044 1918 aeque

167 1944 228 1978 ac
266 1927 494 1976 similem
542 1924 808 1992 lanuginis
856 1922 1166 1983 inferioriS‚
1224 1922 1288 1973 ad
1335 1924 1631 1973 sectionem
1679 1922 1773 1971 sub
1821 1922 2082 1970 micros-s

168 1998 329 2065 copio
382 2014 491 2046 non
543 1993 1011 2061 conspiciendum,
1079 2010 1187 2042 non
1236 2010 1265 2042 e
1321 1993 1543 2043 materia
1579 1991 1832 2043 tinctoria
1882 1989 1978 2041 sed
2015 2004 2046 2038 e

169 2065 477 2134 superficiei
537 2065 716 2114 indole
773 2075 826 2113 et
881 2073 1144 2114 structura
1199 2062 1429 2113 derives.
1519 2063 1684 2113 Color
1746 2061 1936 2110 viridis
1989 2058 2047 2109 in

169 2149 321 2206 parte
358 2135 510 2186 strati
549 2134 822 2185 corticalis
872 2133 1136 2183 inferiore
1173 2134 1428 2183 sectionis
1469 2150 1572 2198 ope
1609 2144 1688 2183 sat
1726 2131 2046 2198 conspicuus

169 2207 319 2269 (icon
361 2207 451 2255 cit.
478 2199 587 2272 fig.
616 2202 661 2253 I.
709 2223 726 2252 1
751 2204 931 2263 -4-).
1006 2204 1194 2252 Facies
1234 2204 1420 2270 supina
1449 2202 1627 2268 junior
1664 2218 1925 2261 croceo·‚
1954 2199 2049 2249 de-

169 2296 311 2327 mum
351 2273 683 2325 miniato-vel
710 2273 1304 2341 lateritio-lanuginosa‚
1342 2274 1574 2322 medium
1610 2290 1792 2324 versus
1823 2271 1879 2320 in
1909 2269 2053 2318 adul-

171 2349 241 2398 tis
293 2347 580 2413 nigricans.
655 2345 888 2393 Stratum
940 2345 1168 2393 interius
1219 2343 1506 2392 medullare
1545 2360 1574 2393 e
1622 2341 1856 2409 sporulis
1893 2338 2054 2388 mini-

170 2418 271 2467 mis
309 2417 447 2465 intra
480 2413 679 2465 floccos
719 2414 981 2480 inspersis
1029 2412 1174 2476 (icon
1227 2414 1313 2461 cit.
1376 2411 1485 2462 tab.
1531 2423 1607 2475 ¹4·
1657 2406 1764 2476 fig.
1802 2408 1851 2461 I.
1892 2426 1939 2458 2.
1968 2407 2048 2469 4.)

170 2504 421 2546 aureum,
481 2490 598 2554 quo'
627 2495 1012 2552 prorumpente
1051 2485 1105 2532 in
1148 2484 1324 2549 planta
1364 2483 1538 2532 sterili
1591 2482 1856 2549 margines
1901 2476 2054 2527 thalli

174 2554 767 2623 aureo-pulverulenti.
860 2553 1144 2620 Cyphellae
1196 2572 1237 2601 s.
1282 2553 1459 2619 potius
1517 2552 1728 2601 soredia
1781 2547 2054 2599 difformia

174 2643 275 2676 nec
331 2637 512 2675 exacte
565 2623 819 2683 rotunda,
883 2640 983 2672 nec
1036 2623 1116 2685 (ut
1170 2623 1222 2670 in
1281 2623 1463 2688 specie
1515 2620 1897 2688 praecedente)
1955 2634 2052 2667 ore

176 2706 453 2745 contracto
493 2695 775 2752 distincta,
832 2694 1013 2759 potius
1050 2709 1077 2740 e
1113 2703 1275 2741 strato
1316 2692 1590 2740 medullari
1621 2709 1744 2740 mox
1779 2688 2050 2752 descripto

174 2776 559 2834 prorumpente
593 2764 955 2830 prominentia
985 2780 1157 2818 aurea,
1197 2762 1264 2810 ob
1304 2761 1570 2828 lanuginis
1600 2778 1726 2811 vero
1768 2761 1821 2808 in
1860 2757 2052 2808 iisdem

179 2836 395 2886 defectu
453 2834 769 2900 plerumque
835 2845 1077 2883 excavata
1136 2831 1282 2893 (icon
1343 2830 1431 2882 cit.
1490 2824 1598 2898 fig.
1640 2829 1689 2880 I.
1729 2831 1832 2893 5.),
1925 2828 2051 2876 hinc

178 2923 334 2955 sensu
387 2904 612 2972 quodam
664 2902 932 2967 cyphellas
978 2903 1299 2960 referentia,
1364 2918 1481 2951 cum
1530 2902 1789 2967 genuinae
1839 2895 2053 2947 nonnisi

174 2975 427 3041 lanugine
474 2974 613 3021 circa
664 2974 805 3038 ipsas
855 2973 1070 3022 densius
1119 2973 1173 3020 in
1223 2971 1442 3019 limbum
1491 2982 1712 3020 connata
1759 2967 2016 3019 differunt
2036 3001 2060 3037 ,β

178 3061 246 3094 ex
296 3061 402 3112 quo
455 3042 812 3107 cyphellarum
862 3042 1098 3091 indolem
1145 3052 1198 3090 et
1240 3041 1561 3090 characteris
1610 3040 1801 3090 exinde
1855 3035 2051 3103 sumpti

176 3114 578 3181 ambiguitatem
613 3112 835 3178 judices.
911 3113 1176 3162 Scutellae
1216 3110 1452 3174 juniores
1491 3111 1740 3178 globosae
1778 3107 1921 3172 (icon
1962 3105 2054 3156 cit.

166 3180 276 3251 fig.
317 3188 359 3234 J.
399 3183 505 3245 3.)‚
549 3182 757 3243 demum
800 3199 1016 3249 magnae
1055 3181 1484 3231 membranaceae
1524 3181 1740 3247 planae,
1793 3177 2056 3245 margina-

181 3257 291 3311 les,
341 3254 466 3302 hinc
503 3253 721 3320 oblique
759 3251 989 3311 adfixae,
1055 3253 1290 3316 margine
1337 3252 1565 3300 foliaceo
1603 3248 1956 3316 integerrimo
1996 3247 2052 3308 (e

181 3324 332 3374 thalli
383 3323 717 3383 inversione)
770 3339 930 3372 aureo
983 3338 1200 3390 quoque
1249 3323 1470 3390 obliquo
1522 3322 1588 3371 ad
1633 3321 1767 3369 latus
1819 3317 2054 3367 exterius

181 3397 373 3444 latiore
410 3390 552 3453 (leon
603 3391 689 3439 cit.
743 3387 854 3460 fi.g
893 3389 938 3440 I.
986 3395 1070 3455 1.).
1142 3393 1337 3441 Discus
1376 3392 1590 3458 planus,
1650 3390 1823 3438 rarius
1863 3386 2050 3436 senilis

183 3462 625 3523 convexiusculus
650 3499 663 3523 ‚
717 3463 779 3511 ab
819 3463 975 3512 initio
1015 3474 1320 3514 constanter
1364 3473 1847 3530 atro-purpureus.
1894 3457 2057 3507 ·The·
