2163 3852
695 145 995 194 L1cumvns.
1055 141 1356 190 Prummu.
1609 204 1622 216 Ι
1860 136 1963 190 221

98 297 152 347 in
195 296 465 361 juventute
505 306 750 350 tenerae,
800 292 1053 358 utrinque
1095 288 1302 348 laeveS,
1342 287 1468 338 dein
1508 284 1753 338 duriores
1795 284 1963 352 magis

96 383 319 432 rugosae
358 384 419 415 ex
459 363 794 413 scutellarum
840 363 920 409 vel
961 360 1116 408 etiam
1157 359 1468 424 papillarum
1507 354 1829 425 quarundam
1879 356 1964 415 (in

99 438 258 486 unico
298 434 592 502 specimine
635 430 1054 489 observatarum)
1103 428 1324 476 cavitate
1363 429 1620 477 inferiore
1657 425 1965 482 lacunosae,

99 505 724 574 glauco-pallescentOS,
781 500 1069 548 adultiores
1109 498 1333 558 (siccae)
1388 497 1740 553 lutescentes,
1783 493 1968 542 dicho-

97 587 307 634 tomac,
365 574 487 622 hinc
525 571 647 620 inde
686 569 747 619 ad
787 571 1076 636 marginem
1117 564 1490 632 prolilicantcs.
1568 563 1833 615 Scutellae
1880 577 1969 611 co-

98 645 300 711 piosae,
340 644 500 691 immo
542 639 830 697 consertae,
871 638 924 686 in
964 649 1185 704 utraque
1219 636 1363 685 thalli
1402 636 1590 702 pagina
1626 633 1972 701 margineque

101 713 325 771 obviae,
397 709 806 766 crassiusculae,
872 707 1176 774 regulares,
1229 705 1406 754 medio
1462 704 1691 762 adfixae,
1747 718 1968 769 parvae,

98 784 359 832 diametro
398 780 456 829 ad
499 797 754 829 summum
784 777 1050 835 bilineari,
1088 775 1324 842 juniores
1364 773 1512 822 disco
1543 775 1694 840 plano
1727 773 1969 838 margine

97 852 258 909 tenui,
299 851 583 900 adultiores
627 849 774 897 disco
813 863 1050 896 convexo
1089 845 1380 913 marginem
1416 854 1717 910 superante,
1758 842 1967 891 demum

98 921 336 988 margine
373 918 574 969 reflexo
615 918 829 968 omnino
865 916 1135 984 globosae.

233 1013 433 1064 Crescit
489 1013 542 1062 in
609 1011 851 1062 Brasilicc
915 1008 1254 1061 meridionali
1308 1005 1552 1073 (Sellow.
1619 1004 1781 1057 Herb.
1836 1003 1973 1074 Reg.

41 1078 53 1087 ⁶
97 1083 310 1150 Berol).

237 1183 475 1232 Adnot.
535 1181 718 1229 Planta
774 1179 985 1247 quidem
1055 1178 1120 1226 ad
1174 1175 1404 1240 primum
1469 1173 1716 1222 intuitum
1779 1172 1975 1222 fronde

101 1252 255 1320 plana
298 1251 742 1317 scutellarumque
780 1250 963 1299 colore
1004 1259 1055 1297 et
1103 1247 1272 1295 forma
1312 1261 1444 1311 quae
1481 1243 1630 1293 valde
1672 1253 1976 1291 constantes

96 1322 454 1373 Lecideae
506 1321 620 1369 sere
658 1331 923 1386 aspectum
963 1317 1254 1384 praebent,
1294 1314 1538 1363 distincta
1579 1332 1604 1360 a
1642 1312 1974 1373 domesticis,

97 1410 318 1462 quarum
357 1392 607 1440 scutellae
635 1390 946 1456 plerumque
988 1398 1135 1436 sunt:
1175 1384 1411 1449 juniores
1452 1382 1720 1450 globosae,
1763 1383 1975 1431 demum

98 1461 654 1527 subbemisphaericae
691 1459 919 1523 majores
960 1455 1313 1504 subfoliaceae
1354 1454 1498 1502 disco
1539 1469 1772 1501 concavo
1810 1451 1976 1517 magis

98 1532 393 1590 albicante;
431 1530 637 1579 accedit
672 1540 843 1576 tamen
883 1537 1062 1574 nostra
1101 1525 1162 1573 ad
1204 1524 1620 1572 Rainalinam
1671 1521 1976 1587 compla-

97 1613 315 1651 natam
369 1599 523 1648 Ach.
577 1615 731 1663 supra
781 1598 1019 1652 citatam,
1088 1593 1307 1660 propius
1347 1592 1408 1640 ad
1447 1595 1509 1640 R.
1569 1591 1974 1651 fraxineam,

97 1689 227 1723 var.
275 1669 874 1725 membranaceam,
931 1662 1106 1712 Latzr.
1146 1662 1198 1710 in
1238 1659 1488 1709 Litmaea
1526 1658 1605 1709 II.
1653 1679 1708 1727 p.
1748 1661 1832 1721 43.

242 1748 529 1807 Probabile
571 1766 681 1818 est,
739 1754 1075 1803 scutellarum
1115 1750 1474 1818 frequentiam
1527 1749 1680 1811 (licet
1720 1765 1836 1797 sese
1875 1767 1984 1799 non

102 1830 343 1894 tangant)
395 1845 511 1875 esse
551 1826 810 1874 rationem
845 1822 1092 1872 minutiei
1131 1832 1184 1870 et
1222 1820 1597 1881 convexitatis,
1638 1831 1690 1870 et
1725 1819 1817 1868 has
1857 1836 1976 1870 esse

100 1898 336 1948 rationes
374 1897 574 1952 coloris
613 1894 964 1945 saturatioris.

416 2090 484 2133 29.
544 2092 935 2132 PARMELIA
1018 2089 1567 2127 DENTICULATA.
1624 2070 1657 2122 ’ἲ

240 2237 301 2284 Ρ.
341 2235 503 2284 thallo
544 2233 846 2299 caespitoso
886 2229 1232 2297 cartilagineo
1269 2228 1497 2278 foliaceo
1537 2238 1747 2286 erecto,
1789 2228 1981 2278 elaci-

102 2304 210 2354 niis
246 2303 754 2369 lineari-elongatis
795 2300 1215 2350 subdichotomis
1266 2299 1518 2367 utrinque
1568 2299 1820 2348 olivaceis
1867 2299 1984 2348 lon-

101 2374 474 2442 gitudinaliter
533 2373 741 2439 rugosis
789 2383 841 2420 et
893 2370 1101 2418 lineatis
1155 2370 1393 2436 margine
1447 2369 1984 2434 aspero-denticula-

106 2445 204 2504 tis,
257 2444 492 2493 scutellis
546 2440 1009 2493 subterminalibus
1048 2439 1323 2500 concavis,
1374 2438 1522 2488 disco
1558 2437 1721 2487 rubro
1769 2449 1822 2488 et
1870 2455 1984 2488 car-

106 2515 540 2580 neo-pruinoso.

245 2596 464 2646 Thallus
505 2594 849 2661 caespitulum
890 2590 1177 2643 efformans
1213 2608 1241 2641 e
1281 2602 1466 2641 centro
1503 2591 1557 2639 in
1595 2589 1814 2638 lacinias
1851 2589 1986 2639 divi-

105 2683 212 2726 sus,
252 2676 560 2717 constanter
598 2666 885 2715 olivaceus.
958 2663 1209 2711 Laciniae
1248 2673 1478 2720 erectae,
1520 2660 1982 2725 plano-soliaceae‚

102 2736 365 2795 lineares,
407 2736 524 2785 fere
562 2735 798 2784 unciales
822 2771 835 2794 ,
874 2733 962 2784 vix
999 2732 1135 2781 ultra
1173 2732 1364 2781 lineam
1404 2733 1564 2789 latae,
1605 2730 1830 2778 subinde
1869 2730 1986 2797 qui-

105 2806 225 2854 dem
273 2807 608 2873 angustiores
664 2817 716 2854 et
782 2804 1074 2867 (siccitate,
1143 2802 1220 2850 uti
1271 2802 1505 2862 videtur)
1572 2800 1981 2859 canaliculatae,

106 2875 398 2943 (nunquam
453 2893 578 2926 vero
628 2875 683 2923 in
740 2875 896 2939 copia
950 2872 1301 2939 speciminum
1340 2871 1741 2929 teretiusculae)
1799 2869 1984 2919 dicho-

105 2956 310 3004 tomae,
385 2946 535 3011 apice
601 2956 895 2994 attenuatae
953 2944 1037 2992 vel
1097 2943 1421 2991 truncatulae
1479 2951 1532 2989 et
1589 2940 1982 3006 emarginatae,
2021 2951 2037 2963 ¹

105 3015 568 3082 longitudinaliter
627 3026 678 3064 et
749 3012 1166 3063 subreticulatim
1233 3013 1515 3079 rugulosae
1579 3021 1631 3059 et
1681 3010 1859 3058 obiter
1911 3010 1985 3057 la-

104 3085 420 3142 lacunosae,
474 3097 747 3150 praeterea
799 3083 893 3132 sub
943 3083 1085 3132 lente
1126 3082 1337 3131 lineolis
1377 3100 1413 3129 s.
1461 3080 1609 3130 venis
1653 3080 1983 3128 tenuissimis

109 3155 512 3204 obscurioribus
560 3155 742 3203 nitidis
786 3154 869 3202 vix
919 3165 972 3202 et
1020 3169 1086 3201 ne
1138 3153 1223 3202 vix
1271 3152 1485 3219 quidem
1534 3150 1981 3216 prominentibuS‚

107 3224 574 3290 longitudinatiter
622 3220 1534 3288 reticulatigtssanastomosantibus,
1584 3219 1708 3268 dein
1760 3220 1985 3285 apiculis

112 3295 338 3360 sparsis,
380 3295 443 3344 ad
481 3294 769 3360 marginem
817 3294 935 3360 (qui
975 3292 1164 3341 exinde
1202 3291 1559 3341 denticulatus
1598 3291 1840 3356 apparet)
1881 3289 1986 3337 fre-

113 3365 484 3431 quentioribus
508 3375 739 3424 notatae,
766 3362 937 3429 iisque
967 3362 1175 3428 saepius
1206 3361 1441 3410 adauctis
1468 3377 1702 3427 asperae.
1758 3358 1982 3409 Soredia

112 3434 270 3482 nulla.
332 3435 594 3484 Scutellae
624 3451 808 3485 versus
841 3432 1164 3482 summitates
1187 3432 1497 3481 laciniarum
1529 3430 1734 3489 obviae,
1773 3425 1985 3494 saepius

114 3503 295 3568 plures
349 3505 402 3553 in
450 3505 635 3555 eadem
684 3502 906 3564 lacinia,
965 3501 1112 3567 cujus
1161 3519 1296 3570 apex
1334 3500 1397 3552 ad
1447 3501 1781 3552 scutellarum
1832 3494 1984 3548 basin
