2163 3852
597 169 812 219 Anam.
889 169 1378 220 SPuAnnoooccus.
1858 184 1927 234 37

176 323 232 374 S.
268 319 764 389 triangulariS,
807 317 1136 378 bifarias,
1192 319 1384 371 fronde
1416 321 1777 390 planiuscula,
1836 343 1918 377 ra-

38 393 195 444 mulis
233 392 435 442 ultimis
476 389 722 439 distichis
762 388 1026 458 elongatis
1064 388 1358 442 nintlifidis.

171 479 581 546 Thamnophosa
611 477 936 539 Seaforthii,
1004 476 1117 545 Ag.
1162 474 1309 544 Spem.
1357 476 1401 528 I.
1446 496 1562 545 227.
1617 476 1760 548 Syst.
1799 489 1915 544 240,

171 553 348 602 Fucus
379 548 703 608 Seaforthii‚
753 544 922 597 Turn.
961 544 1101 596 Hist.
1132 555 1169 596 t.
1209 564 1318 596 120.

171 641 228 692 S.
282 636 779 705 triangularis,
838 634 1146 687 tri'fariu
1164 653 1186 684 s
1207 673 1219 696 ,
1294 636 1484 687 fronde
1530 639 1911 708 subtriquelra,

32 709 253 761 ramulis
287 709 491 758 ultimis
521 706 786 757 tristichis
822 708 995 757 minus
1027 706 1337 774 patentibus
1371 707 1428 756 hi
1445 737 1464 747 -
1478 708 1562 757 vel
1601 708 1812 764 trifidis.

167 796 582 864 Thamnophora
622 795 1000 864 triangularis,
1066 792 1179 862 Ag.
1211 792 1248 844 l.
1278 813 1323 846 c,

160 870 340 919 Fucus
375 865 743 934 triangularis,
790 862 962 914 Turn.
1002 861 1143 914 Hist.
1173 872 1209 913 t.
1238 864 1324 916 33.
1364 861 1561 914 Sloane
1590 862 1727 915 Jam.
1758 875 1796 918 t.
1827 883 1911 920 20.

212 933 275 1008 s.
313 955 363 1005 q.
424 934 594 986 Gmel.
636 933 774 986 Fac.
815 944 852 984 t.
880 937 929 986 8.
948 930 1006 1001 f
1035 943 1085 996 4.
1122 932 1256 1002 Esp.
1286 943 1323 985 t.
1367 953 1478 1002 ¹¹9·

161 1026 359 1077 Basis
397 1043 588 1094 parva,
643 1025 858 1075 callosa.
932 1026 1148 1074 Frons
1186 1024 1513 1074 substantiae
1549 1024 1908 1094 subgclatino·

25 1113 114 1147 sae
147 1112 405 1157 corneae,
447 1094 646 1146 coloris
678 1094 1333 1161 roseo-purpurascentis
1366 1106 1454 1144 aut
1486 1096 1911 1147 roseo-subfus-

25 1167 292 1218 cescentis
321 1179 549 1236 quatuor
579 1165 643 1215 ad
674 1178 794 1216 octo
825 1165 1051 1231 pollices
1081 1164 1180 1213 alta
1201 1202 1213 1226 ,
1252 1181 1394 1214 nunc
1427 1167 1912 1232 compressiuscula

26 1245 167 1287 nunc
205 1254 234 1287 e
264 1237 426 1288 tereti
452 1237 748 1304 triquetra,
789 1235 1041 1293 linearis,
1082 1233 1196 1284 basi
1221 1234 1414 1284 lineam
1449 1247 1502 1285 et
1529 1237 1673 1303 quod
1700 1236 1912 1286 excedit

24 1308 158 1367 lata,
200 1325 408 1357 sursum
431 1304 1135 1373 subbipinnatifido-divisa
1167 1304 1222 1353 in
1249 1321 1426 1354 ramos
1459 1322 1597 1355 nunc
1631 1304 1713 1368 (in
1739 1307 1912 1357 varie-

24 1390 130 1430 tate
177 1377 398 1442 bifaria)
451 1376 814 1427 subdistichos
855 1390 996 1424 nunc
1037 1375 1120 1434 (in
1164 1375 1416 1425 varietate
1461 1375 1697 1439 trifaria)
1742 1376 1912 1445 magis

25 1448 369 1517 irregulares.
469 1446 679 1496 Ramuli
727 1444 853 1494 inde
897 1443 1227 1511 prodeuntes
1274 1445 1548 1511 primariis
1592 1445 1794 1496 similes
1833 1459 1912 1498 ast

23 1536 209 1586 parum
241 1515 614 1586 angustiores3
652 1515 842 1564 ramuli
867 1515 1043 1564 ultimi
1073 1513 1137 1563 ad
1163 1513 1593 1582 jugamentorum
1614 1517 1910 1583 marginem

25 1589 166 1640 serie
191 1604 334 1637 nunc
365 1585 589 1636 disticha
616 1602 757 1634 nunc
789 1585 1037 1634 tristicha
1064 1585 1259 1651 positi,
1299 1585 1621 1652 planiusculi
1658 1586 1737 1649 (in
1767 1585 1906 1635 bifa-

22 1659 129 1722 ria)
162 1658 247 1707 vel
276 1656 937 1724 teretiusculo-triquetri
985 1655 1066 1718 (in
1093 1653 1359 1716 trifaria),
1418 1655 1571 1722 apice
1606 1657 1660 1706 in
1696 1673 1907 1707 mucro-

26 1747 125 1780 nes
157 1728 429 1778 subulatos
464 1727 614 1789 duos,
651 1738 763 1775 tres
795 1726 855 1774 ad
888 1742 979 1774 sex
1009 1725 1260 1792 pluresve
1289 1725 1615 1793 irregulares
1651 1743 1790 1776 nunc
1818 1745 1909 1793 pa-

22 1811 199 1850 tentes
230 1797 593 1849 subdistichos
617 1814 758 1845 nunc
782 1795 1093 1845 imbricatos
1121 1795 1308 1845 excisi.
1369 1797 1452 1861 Sp
1470 1814 1627 1845 oran
1646 1797 1754 1863 gia
1791 1797 1906 1864 glo-

20 1871 178 1928 bosa,
219 1868 584 1937 magnitudine
619 1867 840 1917 seminis
871 1867 1187 1934 Papaveris,
1238 1866 1294 1914 in
1325 1867 1545 1915 ramulis
1577 1867 1779 1916 ultimis
1813 1884 1908 1933 pe-

23 1939 268 1990 diccllata
287 1977 298 1998 ,
338 1937 624 2004 pedicellis
651 1935 997 1987 filiformibus
1024 1937 1139 2003 ipsa
1164 1936 1504 2004 longitudine
1534 1937 1906 2005 aequantibus,

23 2010 144 2060 dum
177 2009 412 2058 nondum
440 2008 578 2058 bene
607 2007 816 2057 evoluta
848 2007 985 2056 intra
1015 2022 1302 2057 mucrones
1336 2006 1645 2056 ultimorum
1676 2007 1908 2057 ramulo-

23 2099 139 2130 rum
173 2080 450 2129 latitantia.
553 2078 851 2127 Nucleus
888 2078 1218 2145 gelatinosus
1254 2077 1310 2125 in
1345 2076 1459 2125 basi
1495 2078 1908 2145 sporangiorum

25 2162 230 2202 constat
281 2149 540 2216 congerie
588 2147 801 2197 filorum
847 2147 1247 2198 articulatorum
1294 2148 1542 2195 radiatim
1587 2160 1908 2206 erectorum,

22 2237 250 2291 quorum
284 2219 496 2270 articuli
528 2218 751 2284 oblongi
785 2218 1008 2267 circiter
1035 2216 1163 2278 sex,
1219 2216 1571 2268 inferioribus
1605 2217 1908 2266 minoribus

22 2291 300 2358 diaphanis
329 2290 537 2349 vacuis,
584 2287 957 2353 superioribus
985 2287 1128 2337 intus
1161 2288 1464 2354 gongylu
1479 2306 1525 2335 m
1558 2287 1908 2353 pyriformem

24 2373 111 2412 aut
149 2360 440 2427 oblongum
485 2374 760 2407 mucosum
803 2357 1189 2406 srobiculatum
1229 2358 1395 2405 limbo
1439 2358 1713 2423 pellucido
1763 2357 1907 2407 cinc-

22 2445 134 2482 tum
169 2429 571 2480 continentibus
608 2439 660 2475 et
695 2428 907 2477 tandem
929 2426 1227 2493 rumpendo
1262 2428 1646 2478 eructantibus.

156 2517 223 2569 In
257 2516 401 2568 omni
433 2515 613 2565 liltore
643 2512 920 2565 Brasiliae
946 2533 978 2563 α
1005 2512 1371 2582 Ilffaragnccno
1404 2514 1476 2562 (tx-2?
1491 2511 1687 2563 Samos
1719 2533 1902 2583 usque.

218 2638 286 2676 10.
344 2635 992 2676 SPHAEROCOCGUS
1051 2633 1701 2672 GARTILAGINEUS.

158 2728 212 2777 S.
247 2724 442 2776 fronde
475 2722 821 2790 cartilaginea
854 2720 1099 2771 filiformi
1129 2737 1437 2788 compressa
1468 2719 1909 2786 purpurascenti-

17 2815 174 2849 rosea
222 2807 311 2845 aut
369 2792 793 2844 subflavescen‘te
861 2791 1234 2857 decomposito
1271 2822 1289 2830 ·
1348 2802 1402 2840 et
1448 2788 1905 2857 subpyramidato-

20 2869 269 2936 pinnata,
307 2865 488 2932 pinnis
526 2864 745 2913 alternis
781 2861 1309 2912 subhorizontalibus
1332 2899 1344 2923 ,
1382 2861 1682 2929 spo-langiis
1718 2859 1903 2910 oblon-

21 2957 104 3008 gis
135 2935 462 2986 mucronatis
493 2935 549 2983 in
578 2933 797 2983 ramulis
832 2932 1222 2998 terminalibus.
1566 2961 1568 2964 v

155 3024 270 3093 Ag.
311 3020 462 3091 SpeC.
492 3021 540 3073 I.
580 3025 689 3088 187.
757 3018 904 3088 Syst.
938 3037 1052 3085 227.
1129 2987 1320 3069 Turn..
1346 2985 1489 3072 Hist.
1520 3028 1558 3070 t.
1598 3027 1707 3081 124.
1765 3014 1899 3086 Esp.

228 3102 267 3145 t.
307 3114 346 3143 ι.
387 3091 523 3143 Seba
559 3090 713 3143 lees.
745 3089 857 3140 III.
892 3099 931 3140 t.
969 3086 1161 3158 noas]
1208 3111 1248 3139 ι.
1288 3107 1335 3139 2.

44 3241 51 3246 ,
158 3183 356 3234 Basis
379 3194 655 3233 ‘constans
694 3180 843 3232 {ibris
874 3179 1149 3229 nonnullis
1181 3178 1521 3246 simplicibus
1553 3188 1640 3226 ant
1673 3175 1904 3227 ramulo-

13 3256 110 3306 Εἰς.
183 3255 494 3303 Fr'ondes
535 3253 749 3318 pedales
790 3263 843 3300 et
876 3250 1171 3318 bipedales,
1204 3248 1496 3298 substantia
1537 3249 1667 3296 dura
1705 3263 1902 3295 cornea

15 3327 305 3392 coloreque
342 3326 488 3385 vario
510 3333 973 3389 ‘pm-purascente,
1011 3337 1206 3379 roseo,
1252 3317 1532 3368 ssavicante
1574 3319 1654 3366 vel
1697 3316 1898 3383 pallido

17 3395 374 3461 conspicuae,x
399 3411 461 3442 ex
480 3404 580 3442 una
596 3393 709 3441 basi
731 3393 1045 3459 plerumque
1069 3391 1268 3457 plureS‚
1288 3387 1588 3450 filiformes,
1630 3402 1901 3450 compres-

19 3483 108 3516 sae
129 3502 142 3524 ,
207 3463 420 3513 inferne
452 3465 643 3513 lineam
672 3463 736 3511 ad
774 3461 902 3511 duas
932 3462 1098 3522 latae,
1138 3459 1347 3509 abunde
1376 3474 1643 3517 ramosae,
1696 3455 1899 3504 ramis

19 3535 338 3586 subalternis
384 3534 793 3600 decomposito'-
815 3531 1035 3592 divisis,
1061 3543 1081 3555 ·’
1124 3529 1343 3579 ramulis
1381 3528 1593 3577 «ultimis
1650 3524 1902 3574 dendroi-

21 3604 124 3655 deo
146 3603 521 3672 -pyramidatis
568 3603 765 3672 ‘passim
793 3601 849 3651 in
884 3600 1255 3669 sp'orangia
1289 3615 1449 3668 parva
1480 3596 1649 3648 ovalia
1685 3607 1771 3643 aut
1808 3594 1902 3643 ob·
