2163 3852
583 185 895 238 Lucanum.
934 184 1364 239 Prnntusrnun.
1809 190 1916 246 147

30 337 350 408 speciebus,
403 334 623 397 conica,
681 346 998 388 constanter
1056 332 1515 389 subhorizontalia
1561 349 1667 386 nec
1723 350 1924 402 erecta,

21 411 258 481 plurium
310 404 690 474 convergentia
760 407 817 455 in
878 424 940 457 os
991 422 1275 457 commune
1327 403 1695 472 punctiforme
1742 405 1924 471 junius

19 481 119 533 sub
155 479 322 529 thallo
383 477 551 526 latens
603 475 729 525 dein
765 476 925 543 paulo
965 477 1277 542 prominens
1315 475 1636 527 desinentia.
1710 476 1927 528 'I'hecae

22 551 159 604 aliae
199 548 471 615 ellipticae
496 582 509 607 ‚
549 545 822 612 paululum
861 563 1092 614 opacae,
1148 546 1302 596 binas
1356 547 1421 596 ad
1469 557 1699 616 quatuor
1736 563 1928 614 sporas

24 621 370 689 angustiores
425 617 567 666 inter
627 632 683 664 se
738 616 998 666 distantes
1046 615 1414 677 includentes,
1468 629 1724 683 septenae
1774 627 1931 669 octo-

22 709 126 741 nae
169 690 400 739 scriatae
439 684 567 752 (cfr.
617 685 928 739 varietatem
961 691 1315 756 sequentem),
1370 687 1503 737 aliae
1539 686 1709 738 multo
1754 687 1931 741 mino-

15 779 106 812 res
144 760 444 827 opaciores.

146 845 348 898 Crescit
378 844 451 894 ad
462 843 727 908 lcorticem
753 841 1210 909 Lagnnculariae
1237 852 1603 894 racemosaeet
1623 842 1934 914 Rhizoplzo-

25 937 124 969 rae
160 915 429 981 Mangles
458 933 631 984 prope
668 913 919 965 Baln'am
959 910 1175 980 confine
1218 913 1932 984 Graphidipulverulentae,

23 1006 145 1040 var.
184 986 525 1048 maculatae,
577 986 889 1035 Arthoniae
981 984 1342 1054 olymorphae
1389 1003 1506 1035 var.
1555 984 1929 1053 szzbstellatae,

21 1056 374 1110 Pertusariae
410 1054 709 1118 communi,
763 1075 881 1107 var.
923 1004 1235 1117 liztescenti,
1286 1055 1644 1107 Verrucariae
1694 1056 1931 1121 cerinae,

20 1127 291 1180 Lecideae
335 1136 664 1196 punctatim,
719 1123 1027 1178 Parmeliae
1061 1124 1381 1195 subsizscae‚
1423 1124 1484 1177 P.
1524 1125 1749 1193 variae,
1787 1126 1934 1179 cine..

20 1217 114 1251 reo
141 1230 162 1241 ·
194 1216 427 1249 carneae
462 1207 514 1247 et
550 1197 806 1248 varietati
839 1197 1032 1249 tertiae
1065 1215 1198 1249 mox
1232 1196 1630 1247 describendae.

164 1292 227 1339 P.
280 1289 338 1338 al
353 1288 387 1338 b
404 1307 435 1336 u
452 1306 501 1336 m
518 1323 531 1348 ‚
583 1304 611 1338 c
629 1305 659 1337 o
676 1306 703 1336 r
720 1305 751 1337 o
772 1305 805 1335 n
825 1306 851 1336 a
866 1298 886 1336 t
903 1305 935 1334 u
951 1303 1032 1350 m3
1076 1299 1109 1354 ἦ·
1159 1299 1335 1338 crusta
1367 1296 1548 1337 cerata
1581 1284 1934 1337 nitidiuscula

22 1360 206 1411 albido
223 1390 242 1399 -
259 1359 497 1409 alutacea
514 1395 526 1419 ‚
567 1357 871 1425 apotheciis
909 1355 1154 1423 pluribus
1194 1357 1456 1407 abortivis
1477 1355 1757 1406 diminutis
1789 1356 1939 1409 circa

25 1431 161 1482 alius
201 1428 420 1496 majoris
490 1428 673 1496 vegeti
722 1426 938 1496 globosi
975 1426 1231 1478 ostiolum
1267 1427 1325 1477 in
1352 1427 1612 1478 circulum
1636 1428 1935 1494 congestis.

167 1516 493 1574 Verrucaria
530 1527 818 1578 coronata,
873 1516 1023 1566 Icon.
1062 1514 1158 1566 sel.
1197 1523 1453 1584 cryptog.
1494 1515 1606 1565 tab.
1643 1515 1694 1566 8.
1721 1509 1834 1584 fig.
1879 1516 1934 1568 5.

173 1607 393 1657 Thallus
433 1605 575 1655 idem
627 1605 721 1675 qui
774 1604 1184 1671 praecedentis,
1241 1604 1441 1656 coloris
1491 1603 1678 1655 forsan
1728 1620 1759 1654 e
1810 1620 1940 1655 casu

32 1677 262 1748 quodam
300 1694 490 1745 parum
529 1675 880 1726 obscurioris.
955 1675 1287 1730 Verruculae
1325 1674 1677 1726 tenuissimae
1715 1691 1945 1743 praece-

34 1749 287 1800 dentibus
341 1747 499 1814 paulo
552 1747 721 1815 magis
763 1746 1018 1798 elevatae.
1091 1746 1455 1814 Apothecium
1490 1761 1774 1813 emergens
1812 1762 1946 1797 con-

36 1830 244 1872 stanter
278 1835 407 1871 vero
444 1834 544 1885 pro
582 1816 785 1884 majore
822 1828 976 1884 parte
1015 1816 1361 1880 immersum,
1419 1815 1657 1866 medium
1721 1832 1950 1883 praece·
2016 1834 2025 1843 ·

24 1890 282 1941 dentibus
322 1906 509 1956 parum
559 1887 760 1953 majuS,
816 1887 1014 1938 ostiolo
1053 1889 1123 1938 ad
1158 1888 1414 1939 moodum
1450 1886 1946 1940 verrucariao

21 1960 282 2030 papillato
321 1975 420 2009 nec
444 1960 724 2026 elongat03
765 1958 850 2007 cui
888 1958 990 2008 alia
1017 1958 1139 2025 plus
1178 1976 1334 2027 quam
1372 1955 1670 2027 quadruplo
1705 1957 1944 2020 minora.

27 2044 184 2082 terna
222 2029 286 2080 ad
324 2047 451 2080 sena
489 2046 664 2096 neque
702 2029 896 2078 nucleo
943 2046 1120 2098 neque
1180 2030 1379 2082 ostiolo
1425 2045 1527 2079 nec
1566 2026 1676 2078 nisi
1713 2028 1950 2079 cavitate

31 2102 224 2169 exigua
262 2101 348 2150 vel
387 2100 551 2150 etiam
589 2098 734 2148 nulla
769 2099 990 2164 donata,
1032 2101 1186 2169 quasi
1215 2098 1549 2169 appendices
1586 2097 1645 2148 in
1682 2098 1948 2150 circulum

35 2172 353 2232 ordinatae,
394 2169 555 2220 affixa
594 2180 745 2232 sunt,
788 2186 923 2238 quae
961 2169 1027 2220 ad
1063 2171 1214 2221 thalli
1244 2169 1591 2238 superficiem
1627 2181 1686 2221 ut
1721 2166 1946 2234 apothe-

39 2243 124 2294 cia
179 2242 392 2308 integra
445 2250 706 2308 apparent
762 2241 1112 2308 mediumque
1166 2242 1336 2292 instar
1374 2239 1669 2291 coronulae
1720 2239 1951 2305 cingunt

40 2312 209 2378 (icon.
251 2310 343 2360 cit.
376 2304 487 2375 fig.
541 2313 591 2361 V.
635 2313 709 2375 2.)
734 2347 746 2371 ‚
795 2311 860 2359 ad
900 2312 1207 2362 sectionem
1245 2311 1563 2364 verticalem
1600 2309 1751 2380 quasi
1792 2326 1948 2360 ansas

40 2383 329 2440 referunt,
395 2380 688 2449 apothecio
753 2380 933 2432 medio
986 2399 1087 2448 pro
1136 2383 1357 2433 urceolo
1405 2380 1600 2432 affixas
1651 2378 1800 2445 (icon
1857 2377 1950 2428 cit.

38 2447 152 2521 fig.
209 2456 260 2503 V.
303 2451 415 2517 3.)‚
483 2451 546 2500 ad
599 2450 898 2502 sectionem
948 2451 1074 2501 dein
1124 2452 1520 2504 horizontalem
1559 2452 1617 2501 in
1666 2448 1957 2517 superiore

39 2522 315 2592 apothecii
366 2532 520 2589 parte
565 2520 759 2570 factam
812 2523 1047 2572 circulos
1097 2533 1289 2574 tenues
1326 2539 1447 2573 cum
1484 2521 1795 2589 perithecio
1833 2535 1950 2570 me·

40 2594 133 2645 dio
174 2605 228 2644 et
267 2594 409 2642 inter
447 2609 504 2642 se
553 2592 859 2642 circinatim
899 2593 1263 2662 stellatimque
1302 2605 1575 2644 connatas.
1647 2591 1771 2642 Alia
1808 2607 1948 2661 quo-

43 2681 149 2734 que
198 2663 479 2730 apothecia
540 2673 833 2712 occurrunt
885 2663 1188 2730 simplicia,
1265 2665 1469 2732 majora
1507 2684 1536 2715 a
1595 2662 1953 2717 Verruca-

38 2735 178 2785 riis
215 2752 323 2784 non
362 2733 742 2801 distinguenda
784 2733 948 2797 (icon.
979 2733 1068 2783 cit.
1113 2737 1166 2787 V.
1193 2734 1287 2802 2.).
1364 2735 1581 2786 Thecae
1617 2731 1957 2804 praeceden-

41 2805 112 2855 tis
150 2803 313 2868 (icon.
348 2803 436 2852 cit.
464 2798 576 2872 fig.
617 2802 675 2855 V.
707 2805 786 2869 4.)

187 2890 389 2942 Crescit
425 2890 478 2941 in
511 2891 696 2941 iisdem
732 2892 1021 2947 corticibus
1047 2912 1168 2945 cum
1193 2893 1554 2963 praecedente
1576 2886 1794 2959 confine
1827 2895 1951 2946 Ver-

42 2962 297 3013 rucariae
347 2961 560 3012 cerinae
594 2971 646 3012 et
679 2981 810 3013 mox
843 2966 1086 3032 sequenti
1129 2965 1403 3018 varietati.

187 3052 435 3102 Adnot.
525 3052 753 3130 Quando
813 3056 1057 3121 priorem
1128 3055 1335 3124 speciei
1390 3055 1622 3106 formam
1663 3052 1961 3103 normalem

45 3141 158 3174 non
188 3123 462 3183 videram,
525 3123 662 3172 hanc
705 3123 926 3174 alteram
996 3126 1229 3176 formam
1281 3124 1756 3181 Verrucariis
1795 3124 1960 3174 adnu-

48 3211 261 3244 merare
313 3192 475 3243 debui
533 3204 592 3243 ut
630 3193 857 3244 sormam
904 3197 1259 3247 luxuriantem
1333 3194 1803 3264 Opegraphae
1859 3211 1965 3244 au-

50 3265 240 3315 ritae
280 3276 499 3314 nostrae
539 3265 854 3332 analogam3
892 3267 1019 3317 hine
1056 3286 1253 3317 nomen
1290 3268 1462 3318 iconis
1503 3279 1622 3316 ante
1651 3282 1844 3315 annum
1872 3263 1960 3314 de-

50 3335 296 3385 lineatae.
375 3335 651 3384 Transitus
702 3338 846 3385 inter
881 3337 1034 3388 binas
1072 3339 1272 3389 formas
1310 3357 1416 3388 non
1456 3338 1682 3398 desunt,
1736 3346 1955 3403 praete-

53 3421 148 3456 rea
183 3404 464 3470 apothecia
503 3405 768 3472 simplicia
805 3409 1042 3459 solitaria
1085 3411 1270 3459 eadem
1308 3420 1446 3459 sunt.

194 3476 258 3523 P.
308 3475 570 3535 album,
626 3480 1244 3542 verrucarioides3
1288 3493 1316 3545 -1-
1361 3491 1540 3532 crusta
1594 3477 1765 3527 lactea
1822 3472 1957 3524 niti-

56 3542 334 3608 diuseula,
385 3546 687 3615 apotheciis
734 3548 972 3617 globosis
1025 3549 1360 3620 simplicibus
1414 3548 1632 3602 minutis
1672 3544 1956 3598 subsolita-

1021 3617 1023 3620 ¹
1489 3619 1602 3680 10⁸
