2163 3852
232 190 300 242 34
806 183 1020 234 Anam.
1097 184 1538 237 Sunnococcus.

614 353 656 400 sp
728 356 1381 394 SPHAEROCOGGUS
1443 359 1729 394 TEEDIL

372 444 424 493 S.
465 440 654 492 fronde
698 441 848 507 plana
892 442 1651 510 gelatinoso-membranacea
1691 451 2118 509 purpurascente

231 512 424 562 lineari
461 529 590 578 vage
626 510 969 577 pinnatifida,
1010 514 1222 563 laciniis
1257 513 1723 581 subintegerrimis
1754 511 1985 574 cuiatis,
2040 510 2118 562 ci-

231 583 323 633 liis
355 581 612 631 subulatis
647 581 816 631 latere
847 585 1131 653 sporangia
1164 584 1405 635 solitaria
1431 583 1750 634 ferentibus.

368 668 484 737 Ag.
528 665 678 737 SpeC.
719 667 763 719 I.
814 687 930 738 277.
972 670 1118 741 Syst.
1162 681 1278 727 225·

366 759 542 808 Fucus
576 758 796 822 Teedii‚
845 756 1016 811 Turn.
1050 759 1188 811 Hist.
1235 769 1273 810 t.
1305 761 1424 810 208.

372 847 675 897 Ceramium
705 849 932 910 Teedfi,
969 848 1134 902 Roth.
1165 846 1283 899 Cat.
1314 846 1444 900 Bot.
1477 844 1591 898 III.
1628 847 1742 896 108.
1775 854 1813 896 t.
1848 854 1897 899 4.

378 936 551 985 Frons
590 937 724 987 duos
762 937 826 987 ad
865 950 989 989 octo
1023 939 1250 1006 pollices
1288 939 1478 1006 longa,
1549 935 1897 986 consistentia
1933 932 2119 1002 gelati·

234 1006 858 1068 noso-membranacea,
897 1010 1073 1059 mollis
1106 1021 1159 1059 et
1190 1025 1380 1059 recens
1415 1007 1647 1066 lubrica,
1701 1007 1886 1056 colore
1920 1018 2119 1072 purpu-

231 1086 507 1131 rascente,
550 1077 641 1142 qui
671 1079 1035 1128 exsiccatione
1067 1080 1121 1128 in
1146 1080 1373 1130 viridem
1392 1116 1404 1139 ‚
1443 1076 1823 1128 flavescentem
1853 1087 1939 1125 aut
1965 1074 2121 1142 palli·

233 1146 358 1194 dum
380 1161 539 1210 saepe
557 1145 683 1196 abit.
720 1150 764 1195 B
783 1165 809 1195 a
828 1148 920 1195 sis
960 1161 1179 1209 scutata,
1220 1166 1472 1216 promens
1507 1148 1653 1212 stip
1673 1148 1835 1197 item
1864 1145 2120 1195 teretius-

234 1216 412 1263 culum
461 1215 711 1274 brevem,
762 1235 970 1266 sursum
1017 1218 1072 1267 in
1113 1219 1360 1268 frondem
1406 1219 1664 1268 linearem
1704 1234 1862 1266 unam
1897 1215 1961 1265 ad
1991 1215 2121 1275 duas

233 1283 406 1334 lineas
442 1284 598 1333 latam
627 1286 917 1336 dilatatum.
989 1287 1161 1356 Hujus
1197 1288 1424 1338 laciniae
1452 1304 1643 1355 vagae,
1682 1288 1944 1344 lineares,
1997 1301 2122 1335 acu·

230 1364 318 1403 tae
354 1365 408 1404 et
438 1356 793 1417 acuminatae‚
861 1357 1125 1409 indivisae
1155 1371 1210 1411 et
1243 1376 1429 1411 versus
1467 1359 1676 1425 apicem
1711 1354 2116 1424 integerrimae,

230 1423 491 1473 lateribus
527 1443 657 1476 vero
687 1427 811 1476 cilia
846 1428 1090 1479 subulata
1111 1429 1533 1497 subregulariter
1554 1428 1883 1486 emittentes,
1923 1425 2117 1494 quibus

231 1493 532 1544 lateraliter
586 1495 748 1546 affixa
800 1509 921 1548 sunt
977 1501 1352 1568 sporangia
1420 1497 1852 1565 hemisphaerica
1905 1494 2121 1546 tandem

230 1565 384 1631 apice
411 1576 654 1630 pertusa,
706 1578 1114 1636 atropurpurea‚
1154 1570 1466 1639 congeriem
1498 1567 1956 1637 gongylorum
1991 1583 2119 1634 pur-

229 1635 632 1702 purascentium
669 1637 1014 1689 includentia.
1455 1649 1459 1652 ’

372 1720 440 1772 In
478 1722 586 1772 oris
622 1722 900 1775 Brasiliae
939 1725 1310 1776 meridionalis
1341 1725 1572 1791 passim,
1612 1744 1657 1779 e.
1689 1744 1744 1793 g.
1778 1724 1851 1773 ad
1881 1720 2119 1792 Marag-

232 1810 455 1844 namzm.
492 1793 589 1843 Ad
600 1792 899 1845 Brasiliam
923 1815 1138 1866 quoque
1164 1796 1296 1866 legit
1309 1795 1568 1865 Dombey·
1586 1795 1760 1860 (herb.
1777 1793 2119 1860 Mertensii.)

563 1913 605 1954 5·
661 1915 1298 1954 SPHAEROCOCCUS
1355 1916 1790 1954 CHAMISSOI.

373 1985 427 2034 S.
482 1984 679 2037 fronde
729 1989 885 2058 plana
933 1990 1381 2058 subcartilaginea
1428 2000 1852 2058 purpurascente
1917 1985 2117 2036 lineari

230 2070 362 2121 vage
399 2054 746 2121 pinnatifida,
813 2059 1026 2111 laciniis
1059 2061 1354 2111 linearibus
1397 2063 1596 2128 passim
1641 2060 1874 2110 dilatatis
1909 2058 2121 2125 irregu-

231 2124 422 2174 lariter
458 2127 768 2179 ramuloso-
792 2129 1020 2180 dentatis
1054 2132 1253 2192 acutis,
1312 2132 1611 2200 sporangiis
1664 2127 2122 2180 mamillaeformi·

231 2192 331 2243 bus
370 2195 427 2243 in
463 2206 574 2247 tota
611 2198 806 2250 fronde
849 2202 1048 2267 sparsis
1098 2201 1361 2252 confertis
1411 2212 1500 2251 aut
1552 2201 1833 2252 solitariis.
1931 2195 2119 2250 Mart.

230 2262 539 2386 ῗέὸηεείεεζ.
589 2265 783 2337 Crypt.
832 2279 868 2320 t.
909 2271 961 2325 3.
992 2268 1053 2340 J}
1093 2291 1134 2322 1.
1189 2271 1304 2341 Ag.
1344 2268 1493 2340 Syst.
1535 2270 1582 2322 I.
1620 2273 1739 2338 278.
1803 2267 1953 2339 Syst.
1996 2269 2116 2333 225.

371 2425 575 2476 Basis
625 2428 843 2494 parvula
882 2428 1199 2482 subscutata.
1290 2433 1514 2483 Frons
1563 2429 1858 2481 substantia
1907 2427 2120 2478 cartila-

230 2492 389 2560 ginea
428 2506 517 2544 aut
560 2498 1402 2566 cartilaginco-membranacea‚
1477 2501 1663 2551 colore
1706 2497 2121 2568 purpurascenti

231 2575 320 2612 aut
348 2570 972 2632 purpurascenti-roseo
991 2609 1003 2631 ‚
1045 2589 1136 2621 sex
1164 2572 1228 2621 ad
1255 2572 1472 2632 decem,
1510 2572 1554 2621 si
1586 2573 1838 2634 maxima..
1890 2569 2120 2638 pollices

230 2634 360 2694 alta,
398 2635 584 2701 plana,
622 2637 726 2703 jam
755 2659 781 2688 a
809 2639 925 2689 basi
951 2641 1069 2691 fere
1097 2642 1457 2708 subpinnatim
1489 2659 1615 2710 vage
1649 2659 1876 2701 ramosa,
1913 2639 2118 2688 ramis

227 2721 369 2753 nunc
419 2705 756 2772 simplicibus
799 2726 937 2759 nunc
989 2712 1180 2761 iterum
1223 2712 1535 2770 ramulosis,
1587 2712 1879 2760 linearibus
1926 2715 2115 2770 acutis,

231 2773 362 2852 tluos
387 2774 450 2823 ad
476 2785 588 2826 tres
619 2778 844 2842 pollices
876 2780 1079 2849 longis,
1119 2800 1274 2831 unam
1303 2783 1367 2832 ad
1401 2797 1505 2832 tres
1537 2783 1701 2832 lineas
1732 2782 1879 2841 latis,
1920 2780 2118 2830 abeun-

229 2843 373 2892 tibus
405 2845 459 2892 in
488 2847 722 2898 ramulos
751 2849 1133 2911 dentiformes‚
1175 2853 1423 2903 (lentibus
1451 2870 1588 2902 nunc
1618 2852 1951 2919 simplicibus
1976 2866 2118 2900 nunc

226 2911 408 2962 bifidis
439 2914 791 2969 bifurcatisve
822 2922 1010 2971 acutiS.
1086 2924 1469 2991 Sporangia
1506 2925 1558 2971 in
1592 2925 1828 2991 margine
1862 2921 2116 2990 frequen-

226 2983 397 3063 tiora,
439 2998 664 3037 attamen
696 2991 895 3056 passim
927 3010 1142 3061 quoque
1180 2994 1233 3042 in
1271 2994 1479 3044 frondis
1521 2994 1759 3043 faciebus
1792 2991 2116 3059 provenien·

226 3061 327 3112 tia,
383 3055 624 3106 solitaria
654 3072 742 3107 aut
769 3073 1048 3128 congesta,
1104 3064 1595 3121 mamillaesormia‚
1665 3074 1846 3124 ovata,
1906 3063 2112 3121 obtusa,

224 3123 458 3203 referta-
479 3126 699 3193 globulo
751 3148 972 3181 mucoso
1027 3135 1478 3202 gongyloruxu
1532 3134 1899 3201 ellipticorum
1945 3131 2112 3196 limbo

220 3194 499 3258 pellucido
527 3197 846 3254 cinctorum.
896 3204 1176 3254 Structura
1199 3205 1514 3275 aequabilis,
1543 3199 2113 3274 gelatinosoworne'a,

223 3263 424 3331 absque
457 3267 668 3318 cellulis
697 3271 986 3322 distinctis.

283 3402 293 3413 υ
357 3335 582 3400 Species
619 3339 745 3390 hinc
788 3344 1027 3409 proxima
1061 3345 1115 3394 S.
1156 3345 1584 3407 cervicorni‚
1638 3344 1730 3414 qui
1759 3342 1976 3393 differt:
2027 3359 2113 3390 ra·

222 3418 326 3453 mis
377 3406 546 3484 Ipflgis
594 3409 782 3461 divisis
834 3424 993 3482 atque
1038 3416 1337 3466 evidentius
1387 3416 1747 3466 ceranoideo-
1770 3411 2111 3471 dichotomis‚

221 3473 442 3553 ramulis
488 3477 689 3529 ultimis
727 3499 836 3532 non
878 3484 1472 3550 spinuloso-dcntatis;
1545 3485 1671 3535 hinc
1728 3485 1782 3533 S.
1834 3481 2110 3543 'reedii‚

224 3558 373 3621 ijus
408 3559 553 3596 certa
589 3550 883 3615 specimina
913 3554 1199 3606 difficilius
1232 3557 1664 3623 distinguuntur,
1733 3555 1863 3603 licet
1901 3553 2113 3603 diversa

225 3625 332 3662 sint
358 3617 678 3684 praecipue:
719 3622 1013 3676 substantia
1041 3626 1278 3678 molliori
1300 3628 1576 3698 magisque
1594 3625 1910 3695 gelatinosa‚
1947 3621 2110 3673 ramis
