2163 3852
223 75 297 152 85
873 69 1180 121 [nictans.
1216 66 1492 120 Gnnms.

241 221 454 287 hyalina
488 216 585 270 sub
615 218 759 269 lente
794 215 1174 278 nitidiuscula,
1210 218 1268 268 in
1304 218 1488 270 medio
1521 216 1729 269 albidus
1761 227 1817 270 et
1853 214 2130 286 nigro-va-

238 291 517 358 riegatus„
581 306 769 339 versus
816 287 1071 338 ambitum
1119 288 1408 339 obscurior
1458 287 1739 356 eleganter
1788 286 2128 338 subzonatim

242 362 426 429 pictus
465 372 518 410 et
552 358 1116 427 nigro-marginatus.
1190 357 1489 426 Apothecia
1536 358 1775 410 abortiva
1829 356 2132 424 punctifor-

241 432 387 489 mia,
425 429 672 497 perfecta
726 428 980 488 linearia,
1033 428 1293 497 gracilia,
1343 427 1635 484 tumidula,
1700 426 1928 478 subinde
1981 427 2130 476 inae·

246 501 452 570 qualia,
490 496 753 557 flexuosa,
795 498 1062 564 simplicia
1099 509 1154 548 et
1191 498 1541 548 substellatim
1573 498 1873 559 ramulosa,
1911 495 1974 546 ad
1993 495 2131 546 fines

239 569 601 630 acutiuscula,
638 568 1005 636 magnitudine
1030 569 1350 620 nostratium
1369 568 1650 636 apothecia
1676 568 1796 618 fere
1825 566 2126 635 aequantia,

226 640 335 688 sed
355 639 514 707 paulo
535 639 799 688 crassiora
818 650 871 688 et
893 639 1061 705 magis
1087 639 1394 700 eminentia,
1422 649 1550 702 atra,
1587 637 1772 697 nitida,
1810 637 2018 704 juniora
2039 655 2131 686 an-

234 721 394 778 guste
430 709 648 769 rimata,
683 708 946 759 adultiora
984 720 1174 776 operta
1211 710 1365 776 plana
1404 719 1459 758 et
1497 707 1930 759 convexiuscula.
2000 706 2131 758 Dis-

233 796 359 829 cum
409 777 508 829 sub
563 779 710 830 lente
759 778 1061 847 composita
1118 779 1616 846 nigro-striatum,
1669 777 1764 829 sed
1799 777 1986 829 thecas
2017 793 2130 828 non

223 849 360 905 vidi.

375 954 578 1006 Crescit
616 954 691 1003 ad
730 954 983 1004 corticem
1026 954 1282 1005 arborum
1322 963 1593 1005 vetustam
1634 972 1808 1024 prope
1851 950 2036 1014 Parti,
2071 960 2125 1002 el

234 1025 310 1074 acl
338 1026 590 1074 corticem
618 1034 830 1073 tenuem
868 1023 1018 1091 lt'gno
1038 1026 1183 1075 nudo
1208 1024 1464 1086 similem,
1497 1044 1667 1094 prope
1700 1023 1956 1089 Balaam,
1995 1040 2125 1073 con-

233 1090 366 1154 finis
402 1092 837 1163 Leiogrammati
875 1093 1107 1144 tenellae
1138 1104 1189 1144 et
1231 1096 1590 1147 Verrucariae
1622 1096 1844 1146 vitreae.

372 1201 616 1253 Adnot.
689 1203 823 1253 Cum
874 1201 930 1251 in
975 1202 1163 1269 priore
1213 1203 1337 1254 loco
1388 1203 1548 1254 natali
1585 1204 1882 1270 specimina
1916 1212 2123 1255 vetusta

233 1272 327 1323 vix
375 1273 487 1323 ullo
537 1271 802 1341 gaudeant
857 1272 1059 1333 thallo,
1125 1273 1181 1322 in
1234 1273 1406 1324 altero
1454 1285 1632 1323 crusta
1687 1274 1880 1323 similis
1934 1273 2005 1322 sit
2040 1272 2126 1323 illi

232 1343 728 1397 Verrucariae
763 1342 1042 1394 vitreae
1082 1341 1340 1405 confinis,
1381 1343 1692 1394 differentia
1712 1344 1925 1411 plantae
1959 1361 1988 1393 a
2022 1359 2124 1394 no-

232 1423 401 1463 strate
460 1414 549 1465 vix
594 1431 703 1463 non
754 1412 930 1464 omnis
986 1430 1017 1463 e
1070 1413 1293 1463 corticis
1331 1424 1522 1465 natura
1558 1414 1818 1483 singulari
1856 1423 1916 1465 et
1947 1412 2128 1466 tenui-

231 1493 341 1552 tate
378 1483 518 1553 apud
552 1499 652 1535 nos
687 1484 895 1534 insueta
929 1482 1172 1551 pendere
1207 1483 1443 1536 videtur.

603 1678 675 1721 15.
726 1683 1064 1724 Guarlus
1106 1682 1677 1722 ANFRACTUOSA.
1720 1672 1754 1727 -1-

371 1828 469 1881 Gr.
522 1836 702 1878 crusta
753 1825 1596 1891 submazoideo-memBranacea
1645 1824 1949 1888 albissima,
1999 1842 2131 1894 apo·

235 1897 434 1951 theciis
483 1896 783 1948 linearibus
831 1896 1097 1964 elongatis
1137 1894 1492 1946 suhflexuosis
1528 1908 1583 1947 et
1618 1896 1909 1964 angulatim
1945 1911 2131 1948 curva-

233 1970 304 2020 tis
343 1969 552 2020 obtusis
592 1966 920 2017 subramosis
958 1966 1119 2028 atris,
1177 1966 1389 2016 demum
1442 1966 1839 2028 canaliculatis‚
1875 1966 2132 2035 margini-

229 2039 333 2092 bus
369 2038 643 2108 parallelis
681 2035 1059 2088 subssexuosiS.
1136 2037 1313 2103 Syst.
1351 2035 1543 2086 Lich.
1579 2037 1708 2105 sig.
1745 2036 1795 2088 6.
1833 2054 1881 2091 a.
1917 2037 1972 2088 b.
2009 2053 2056 2088 c.

373 2144 595 2196 Thallus
633 2155 975 2206 crustaceu5‚
1012 2144 1416 2205 crassiusculus,
1454 2143 1864 2213 suhlaevigatuS‚
1901 2142 2130 2196 subinde

228 2215 615 2268 nitidiusculus
652 2231 753 2264 nec
793 2215 1014 2265 omnino
1053 2214 1372 2276 continuus,
1424 2213 1609 2263 colore
1646 2214 1852 2275 laeteO,
1909 2214 1964 2263 in
2003 2232 2130 2265 con-

232 2285 366 2340 finio
419 2285 922 2353 nigro-limitatus,
972 2284 1028 2333 in
1065 2283 1339 2333 nonnullis
1377 2283 1761 2350 speciminibus
1800 2301 1919 2335 cum
1959 2284 2131 2335 The-

228 2356 636 2409 lotrematis
675 2353 993 2406 confinis
1029 2354 1194 2405 thallo
1230 2351 1528 2406 confluens.
1588 2354 1885 2423 Apothecia
1904 2371 2130 2422 praece-

230 2426 483 2478 dentibus
534 2426 764 2493 majora,
833 2424 1172 2475 anfractuosa
1221 2425 1309 2475 vel
1358 2424 1425 2474 ad
1477 2425 1724 2491 angulum
1774 2436 1982 2475 rectum
2025 2425 2130 2476 huc

228 2499 362 2549 illuc
413 2495 588 2557 flexa,
664 2494 893 2564 singulis
960 2495 1084 2544 talis
1132 2494 1406 2563 apothecii
1456 2495 1698 2560 partibus
1749 2495 2127 2556 rectiusculis,

232 2570 362 2620 alias
414 2567 585 2634 magis
640 2576 886 2628 curvata,
937 2565 1197 2634 pleraque
1262 2563 1560 2630 simplicia,
1619 2565 1794 2614 rarius
1848 2564 2014 2615 bifide
2075 2575 2129 2615 et

230 2637 586 2689 substellatim
620 2653 866 2700 ramosa,
925 2635 1080 2686 disco
1137 2634 1488 2685 canaliculato
1540 2634 1598 2683 in
1643 2635 1868 2687 vetustis
1920 2635 2126 2687 albido·

227 2707 628 2778 pulverulento.

376 2794 578 2847 Crescit
631 2793 705 2844 acl
747 2792 1000 2844 corticem
1053 2791 1312 2842 arborum
1338 2787 1740 2860 frondosarum
1778 2808 1952 2861 prope
2000 2789 2125 2841 Gai-

228 2865 367 2929 te'te',
423 2858 654 2929 confinis
705 2863 1061 2915 Verrucariae
1093 2880 1325 2931 perosae
1356 2871 1409 2912 et
1463 2859 1854 2913 leelotremati
1891 2861 2123 2914 occulto.

369 2955 615 3007 Adnot.
653 2957 694 3004 I.
760 2953 920 3005 Licet
974 2953 1030 3002 in
1068 2953 1226 3003 unico
1265 2952 1564 3019 specimine
1601 2953 1832 3020 plantula
1870 2963 2058 3003 nostro
2096 2970 2126 3003 a

229 3025 433 3081 confini
497 3023 1037 3075 Thelotremate
1102 3024 1344 3091 margine
1414 3022 1572 3090 nigro
1627 3023 1861 3089 sejuncta
1919 3023 2016 3083 sit,
2069 3021 2126 3072 in

231 3099 342 3149 alio
376 3108 556 3146 tamen
607 3095 905 3163 specimine
939 3093 1221 3161 apothecia
1260 3093 1542 3163 utriusque
1582 3093 1791 3160 speciei
1840 3094 2125 3144 commixta

231 3168 546 3223 obveniunt.

371 3254 611 3307 Adnot.
661 3255 724 3304 11.
814 3253 1040 3320 Species
1093 3251 1162 3302 ob
1219 3252 1460 3304 colorem
1521 3251 1674 3301 thalli
1731 3250 2122 3320 apotheciaque

275 3329 364 3380 inc
400 3324 527 3375 inde
562 3323 812 3376 breviora
848 3323 1169 3375 rectiuscula
1208 3321 1566 3390 Graphidi
1605 3321 1941 3373 Commati
1974 3320 2124 3370 simi-

232 3329 521 3528 §lx’dqmi‘
558 3411 690 3446 vero
724 3393 901 3447 allatio
935 3392 1352 3465 perithecioque
1403 3392 1621 3463 integro
1659 3391 1837 3443 sessili
1876 3402 2125 3443 constan-

232 3482 289 3522 te
394 3481 583 3522 iversa.
