2163 3852
133 231 200 281 32
690 222 893 270 ALGAE.
970 220 1457 269 SPnAssnococcrs.

475 358 477 360 .
526 372 694 415 xxlv.
739 367 1274 413 SPHAEROCOCCUS
1317 383 1518 411 sruxtm.
1554 382 1631 412 Διὶ.

170 476 432 510 nxcujsxs
473 471 764 507 SPECIEBUS
803 470 1168 503 NEMA'rchlA
1205 469 1290 504 AG.
1346 470 1416 503 ET
1457 470 1658 503 sPORAs
1697 468 1988 502 INSPERSAS

901 540 1268 574 FERENTIBUS.

299 640 394 717 Sp
412 658 447 693 o
467 658 494 691 r
508 655 594 691 an
608 633 728 711 gia
785 632 1189 711 subglohosa,
1258 631 1610 709 congeriem
1638 629 1689 709 'g
1704 653 1740 689 o
1754 653 1795 689 n
1811 650 1900 709 gy
1917 629 1937 687 l
1955 651 2021 686 o·

133 743 293 778 rum
356 732 460 795 aut
519 738 545 774 s
564 737 604 795 p
624 738 661 773 o
675 738 705 772 r
719 736 752 770 a
767 736 848 770 ru
863 737 924 771 m
974 735 1136 772 nunc
1198 732 1550 792 sparsarum
1612 733 1773 771 nunc
1840 712 2025 769 seria-

139 818 332 861 tarum
373 796 753 858 includentia
770 838 785 865 ,
831 817 942 877 per
983 797 1061 854 th
1077 796 1180 854 all
1197 817 1308 852 um
1349 793 1713 854 frondosum
1748 815 1980 874 sparsa..

297 887 540 941 Frons
582 899 1033 962 purpurascens
1048 920 1065 949 ,
1135 876 1651 955 subcartilaginea
1693 892 1795 934 aut
1839 897 2025 933 mem-

141 968 444 1026 branacea
458 1006 475 1035 ‚
556 962 893 1043 explanata·
933 975 1035 1018 aut
1097 959 1216 1018 filis
1213 960 1396 1018 omnis
1414 1002 1430 1030 9
1516 959 1870 1017 dichotoma
1927 972 2029 1014 aut

139 1072 325 1131 pinna
338 1064 413 1104 ta.

282 1148 570 1198 Observ.
619 1206 622 1209 ι
662 1142 903 1191 Partium
938 1140 1374 1191 fructificationis
1412 1140 1621 1190 indoles
1663 1141 1835 1190 varia:
1909 1149 2031 1188 sunt

137 1220 278 1270 enim
331 1217 451 1266 aliis
504 1230 694 1280 sporae
739 1212 796 1260 in
831 1210 1134 1277 sporangiis
1174 1211 1411 1258 inclusae
1463 1210 1772 1277 simplices,
1846 1208 2031 1259 firmae

140 1302 226 1341 aut
260 1288 559 1356 gelatinoso
580 1313 597 1322 -
620 1282 828 1344 molles,
868 1281 1071 1330 liberae
1103 1292 1187 1328 aut
1220 1290 1634 1343 concatenatae3
1673 1281 1792 1330 aliis
1813 1278 2032 1348 gongyli

136 1359 386 1418 obscuri,
445 1373 580 1424 quos
613 1371 711 1421 pro
744 1351 956 1401 filorum
991 1353 1392 1400 articulatorum
1426 1351 1633 1401 nucleis
1663 1350 1871 1411 habe03
1921 1350 2030 1400 sre-

135 1441 368 1500 quenter
406 1427 547 1476 enim
578 1424 706 1473 talia
740 1421 1059 1489 corpuscula
1096 1422 1268 1471 forma
1304 1421 1648 1487 subelliptica
1693 1432 1781 1470 aut
1819 1416 2039 1488 irreguss

134 1503 235 1552 lari
270 1513 322 1549 et
356 1494 643 1564 superficie
679 1492 1110 1542 subtuberculata
1146 1492 1408 1557 insignia,
1469 1509 1625 1541 muco
1670 1492 1908 1542 involuta
1945 1490 2030 1540 vel

136 1572 302 1629 nuda,
344 1587 408 1618 ex
440 1566 679 1615 articulis
717 1564 828 1615 vidi
862 1563 1187 1630 prodeuntia
1220 1560 1432 1611 filorum
1466 1563 1769 1630 sporangiis
1808 1572 2031 1612 conten-

138 1656 354 1702 torumj,
409 1640 464 1687 in
498 1636 617 1686 aliis
651 1635 758 1701 ipsi
788 1634 1032 1693 articuli,
1098 1644 1408 1700 tegumento
1447 1649 1564 1682 cum
1602 1633 1796 1682 nucleo
1835 1648 2024 1698 conge·

143 1714 405 1770 lascente,
449 1718 774 1757 eructantur.
850 1704 968 1753 Fila
1003 1704 1059 1752 in
1093 1703 1396 1769 sporangiis
1428 1719 1567 1752 nunc
1598 1703 1842 1752 radiatim
1894 1717 2035 1752 nunc

139 1784 338 1849 absque
375 1777 562 1829 ordine
605 1777 855 1825 immersa
887 1786 1025 1824 sunt.
1119 1774 1541 1840 Sporangiorum
1580 1773 1914 1824 dehiscentia
1943 1781 2030 1821 aut

137 1852 401 1921 regularis
419 1847 753 1909 terminalis,
792 1862 929 1913 poro
967 1845 1183 1904 hiante,
1229 1854 1316 1892 aut
1351 1844 1666 1912 irregularis
1702 1845 1896 1896 lacera.

649 1998 689 2040 Ι.
731 1996 1210 2049 SUBCOSTATAE,
1256 1994 1517 2040 PLANAE.

476 2120 514 2155 l.
588 2113 1230 2153 &PHAEROCOCGUS
1288 2113 1687 2150 VITTATUS.

281 2194 335 2241 S.
372 2190 567 2239 fronde
622 2190 776 2256 plana
826 2187 1065 2254 stipitata
1111 2186 1652 2236 lineari-lanceolata
1701 2195 1853 2235 acuta
1899 2185 2036 2234 inte·

140 2281 234 2331 gra
266 2261 523 2328 prolifera
558 2271 759 2310 costata
797 2258 1145 2324 cartilaginea
1177 2269 1602 2323 purpurascente
1641 2257 1850 2316 ciliata,
1891 2255 2032 2305 ciliis

139 2336 291 2400 apice
324 2333 376 2380 in
411 2330 697 2398 sporangia
732 2327 1231 2377 intumescentibus.

282 2419 396 2487 Ag.
429 2417 577 2487 δρεο.
612 2415 660 2466 J.
695 2417 812 2467 233.
864 2413 1012 2484 Syst.
1043 2432 1162 2467 212.

287 2512 464 2560 Fucus
505 2508 756 2567 vittatus,
806 2502 977 2557 Turn.
1006 2501 1147 2554 Hist.
1179 2512 1218 2554 t.
1246 2504 1329 2565 64.

291 2602 469 2648 Fucus
509 2596 754 2659 ciliatus,
794 2592 930 2661 Esp.
965 2600 1000 2641 t.
1033 2589 1164 2661 [pf.
1205 2612 1246 2641 i.
1277 2609 1323 2641 2.
1351 2599 1403 2653 4.

278 2689 321 2735 F
340 2685 595 2735 rondes
628 2702 659 2733 e
694 2682 849 2732 basi
894 2682 1088 2731 callosa
1132 2681 1423 2730 orbiculari
1454 2679 1667 2747 plureS,
1732 2680 1950 2747 pedales
1982 2690 2039 2729 et

141 2757 443 2823 longiores,
482 2753 1089 2812 lineari-lanceolatae,
1129 2764 1341 2810 acutae,
1397 2768 1625 2819 unguem
1654 2752 1823 2813 latae,
1890 2763 2038 2801 costa

141 2844 349 2875 sursum
401 2836 751 2874 evanescente
801 2839 1119 2890 percursae,
1180 2839 1520 2889 purpureae,
1582 2822 2032 2889 semidiaphanae,

144 2915 206 2945 ex
239 2897 425 2962 apice,
485 2894 657 2944 rarius
690 2912 718 2943 e
754 2905 901 2944 costa
942 2893 1114 2942 media
1148 2892 1806 2959 articulato-proliferae‚
1872 2892 2036 2942 ramis

140 2962 698 3017 lineari-lanceol'atis
727 2964 980 3031 utrinque
1016 2964 1297 3013 attenuatis
1319 3000 1331 3024 ,
1373 2963 1519 3013 omni
1552 2964 1793 3031 margine
1828 2963 2036 3013 obsitae

141 3038 283 3085 ciliis
325 3035 685 3085 teretiusculis
730 3034 1235 3100 lineari-elliptieis
1283 3045 1362 3082 sat
1399 3033 1560 3083 dense
1596 3034 1744 3098 sitis,
1802 3034 1857 3083 in
1891 3049 2040 3101 spo-

95 3131 99 3137 ·
140 3108 376 3174 raugia
415 3105 637 3172 globosa
677 3105 759 3154 vel
799 3104 1041 3170 elliptica
1080 3103 1522 3156 tumescentibus-

275 3193 341 3243 In
375 3201 540 3260 porta
570 3191 862 3257 Balciensi,
900 3192 973 3240 ad
1010 3189 1241 3241 insulam
1281 3190 1561 3261 [ίαρανίεα
1599 3202 1649 3243 et
1687 3189 1824 3241 alibi
1858 3189 1913 3240 in
1952 3187 2037 3242 lit-

144 3275 263 3334 tore
299 3262 577 3314 Bra-silicie
611 3260 1064 3329 septentrionalis.

440 3380 483 3420 2.
559 3382 1205 3421 SPHAEROCOGCUS
1267 3381 1721 3420 LUXURIANS.

283 3458 338 3506 S.
373 3453 566 3506 fronde
599 3455 754 3522 plana
795 3457 1032 3522 stipitata
1080 3474 1285 3505 ramosa
1337 3455 1610 3506 luxuriose
1651 3452 1913 3521 prolifera
1951 3467 2041 3502 ro·-

144 3543 233 3576 sea
266 3526 697 3597 membranacea,
751 3527 971 3576 laminis.
999 3525 1525 3594 lineari-oblongis,
1594 3523 1907 3575 lanceolatis
1950 3539 2041 3572 cu-

142 3598 379 3647 neatisve
416 3595 692 3656 nervosis,
772 3597 955 3650 nervis
1002 3614 1032 3648 e
1070 3596 1349 3665 stipitibus
1386 3595 1667 3665 productis
1701 3611 1889 3649 versus
1929 3591 2042 3660 api-

142 3682 261 3717 cem
305 3667 763 3720 evanescentibus.
1183 3700 1185 3703 ·
1378 3677 1383 3683 ·
