2163 3852
222 160 325 213 162
728 142 1034 192 Lmumms.
1074 136 1532 187 As'rno‘rnnmuu.

366 292 771 367 Trypethelium
826 287 1167 357 Sprengelii,
1220 283 1324 335 Fe'e
1366 283 1402 334 l.
1462 302 1507 334 c.
1551 301 1681 352 pag.
1734 283 1818 338 05.
1869 283 1976 334 tab.
2021 303 2098 353 ιε).

204 372 325 445 fig.
375 390 453 435 1.,·
503 382 598 416 nec
628 359 837 411 Achar.

366 477 602 534 ThalluS‚
642 472 721 521 uti
758 470 986 527 videtur,
1023 466 1203 533 junior
1235 463 1696 530 hypophloeodes,
1737 462 1943 512 demum
1978 465 2104 514 hinc

228 551 352 602 inde
388 544 779 614 epiphloeodcs
832 557 951 589 cum
997 537 1201 587 cortice
1232 533 1534 586 confluens,
1576 532 1767 582 exinde
1811 534 1866 581 in
1910 535 2106 584 nostris

227 621 436 677 varius,
472 616 702 673 rubens,
742 611 1067 667 fuscescens,
1109 607 1464 664 cinerascens‚
1503 601 1795 652 flavescens
1830 604 1914 653 vel
1945 602 2108 653 ssavo-

225 693 407 743 virens
434 685 674 753 margine
712 681 906 731 effuso.
947 679 1155 727 Stroma
1180 676 1322 724 varie
1346 675 1647 732 formatum,
1689 691 1754 721 ex
1772 673 2108 739 hemisphae-

225 761 342 810 rico
375 757 442 806 ob
472 756 623 804 basin
656 751 1017 819 angustiorem
1064 744 1443 812 subglobosum
1487 744 1569 793 vel
1622 761 1650 792 e
1697 743 1941 808 pluribus
1982 761 2110 793 con-

226 827 516 879 fluentibus
553 822 952 874 tuberculosum
985 816 1417 883 difformiterque
1461 816 1783 879 elongatum,
1822 812 1885 861 ad
1925 830 2111 879 super-

226 899 406 949 ficiem
438 915 504 946 ex
547 894 752 944 ostiolis
785 889 1026 957 pluribus
1053 888 1207 953 nigro
1230 915 1249 923 -
1270 896 1606 950 punctatum,
1661 883 1952 932 substantia
1990 882 2112 949 pul-

226 969 503 1022 verulenta
537 964 731 1013 citt-ina
753 997 765 1019 ,
806 960 868 1008 ad
903 958 1243 1024 superficiem
1274 955 1516 1004 indurata
1555 954 1733 1011 fusca,
1773 955 1956 1002 colore
1988 953 2115 1002 hinc

228 1042 292 1090 ab
335 1039 429 1086 illo
475 1034 626 1083 thalli
659 1049 764 1080 non
803 1030 962 1094 longe
1002 1027 1213 1076 diverso
1265 1026 1388 1087 (cfr.
1441 1027 1615 1073 adnot.
1667 1025 1730 1073 ad
1786 1024 1984 1072 tribum
2028 1041 2114 1071 su-

227 1127 324 1175 pra
363 1125 413 1173 p.
457 1106 593 1164 150).
668 1100 965 1166 Apotliecia
1000 1098 1054 1144 in
1101 1096 1309 1162 singulo
1338 1106 1593 1144 stromate
1625 1111 1934 1150 numerosa,
1989 1109 2116 1142 con-

228 1189 428 1228 stanter
461 1190 668 1222 sursum
730 1166 1377 1233 conico.-lageniformia,
1445 1166 1639 1214 ostiolo
1687 1182 1840 1232 quam
1892 1163 1946 1211 in
1998 1162 2118 1212 aliis

228 1245 515 1313 speciebus
538 1243 727 1292 latiore
744 1236 988 1289 verticuli
1015 1237 1271 1290 solitario,
1293 1234 1354 1282 ad
1374 1234 1712 1299 superficiem
1736 1233 2003 1282 stromatis
2026 1233 2118 1281 de-

228 1320 466 1374 sinente,
507 1330 607 1362 nec
642 1327 868 1378 unquam
900 1306 1141 1373 pluribus
1177 1303 1587 1354 confluentibus.
1654 1304 1868 1353 Thecae
1895 1302 2117 1352 fusifor-

227 1385 636 1452 nii-ellipticae
671 1381 863 1429 nonies
897 1378 963 1426 ad
1004 1377 1254 1445 trigesies
1298 1375 1607 1436 annulatae,
1661 1385 1913 1440 septenae
1967 1383 2118 1423 octo-

227 1474 394 1509 naeve
429 1455 565 1505 ascis
611 1451 864 1501 inclusae.

371 1562 571 1614 Crescit
626 1560 696 1608 ad
741 1557 992 1607 corticem
1043 1553 1298 1603 arborum
1341 1572 1509 1622 prope
1548 1551 1695 1601 Para'
1749 1560 1800 1602 et
1839 1551 1979 1600 inter
2018 1549 2122 1602 Vil-

230 1636 339 1685 lam
380 1636 446 1684 do
486 1632 590 1682 Rio
629 1631 725 1678 (las
760 1630 959 1678 Contas
996 1635 1045 1674 et
1092 1623 1389 1687 sslaracm3
1431 1622 1646 1690 (planta
1689 1621 1810 1672 Fe'ei
1859 1623 2025 1670 citata
2068 1620 2122 1669 in

230 1705 490 1756 America
515 1703 588 1751 ad
619 1699 869 1749 corliCem
908 1695 1156 1746 Crotonis
1196 1694 1528 1743 (fuscat-illae
1564 1712 1659 1743 nec
1691 1711 1797 1743 non
1850 1692 1903 1741 in
1958 1690 2123 1741 Peru-

232 1777 320 1826 υἱα
351 1775 423 1823 ad
459 1773 626 1822 cortic
640 1789 721 1819 em
752 1766 1136 1833 Bonplandiae
1169 1762 1517 1831 trtjolialcte),

378 1887 622 1936 Adnot.
660 1879 902 1929 Eandem
933 1893 1149 1945 quoque
1193 1875 1491 1923 invenimus
1539 1873 1779 1939 speciem
1818 1873 1873 1920 in
1910 1871 2128 1921 cortici-

230 1960 335 2009 bus
370 1952 692 2007 Cascarillae
732 1949 875 1998 iconi
910 1949 1099 1996 citatae
1125 1946 1341 1994 omnino
1375 1944 1810 2011 respondentem,
1849 1942 1952 1989 nisi
1985 1942 2129 2009 quod

241 2026 533 2080 substantia
567 2037 824 2072 verrucae
850 2018 1080 2066 interior
1107 2015 1278 2064 albida
1324 2016 1425 2068 sit.
1483 2014 1671 2063 exinde
1740 2013 2128 2077 Trypethe-

237 2101 340 2149 lio
379 2092 789 2162 lagenifero
852 2088 1094 2152 ejusdem
1144 2086 1366 2136 corticis
1407 2085 1615 2134 incolae
1660 2083 1897 2142 accedat,
1961 2099 1987 2129 a
2024 2100 2129 2150 quo

232 2169 416 2219 nonisi
458 2163 698 2214 verrucis
738 2157 1182 2224 hemispliaericis
1210 2157 1295 2205 vix
1341 2154 1721 2204 concoloribus
1774 2151 1961 2202 differt
2006 2171 2132 2203 nos-

235 2252 335 2289 tra.
411 2240 490 2285 An
526 2233 648 2281 ideo
689 2234 774 2279 Τι·
795 2247 823 2294 y
844 2227 1247 2296 pethelium
1288 2224 1771 2293 lageniferum
1820 2221 1976 2286 hujus
2019 2223 2129 2272 loci

237 2311 325 2367 sit,
373 2302 796 2372 disquirendum.
887 2302 930 2347 T
952 2309 1151 2364 rypet
1173 2297 1205 2343 h
1229 2313 1255 2344 e
1278 2296 1441 2344 lium
1486 2297 1520 2345 S
1541 2312 1710 2361 pren
1733 2295 1845 2360 gel
1868 2293 1922 2341 ii
1974 2295 2014 2342 A
2035 2294 2130 2342 ch.

237 2376 537 2445 apotheciis
577 2371 811 2440 gaudens
853 2369 1143 2418 secundum
1186 2367 1312 2416 duas
1351 2368 1536 2415 icones
1577 2366 1631 2413 in
1678 2365 1845 2413 Actis.
1919 2367 2134 2413 Mosco-

236 2449 416 2500 viticis
457 2458 509 2494 et
539 2445 592 2492 in
637 2439 1099 2506 Lichenographia
1152 2438 1438 2486 universali
1486 2435 1783 2503 perhibitas
1833 2445 2137 2484 constanter

237 2518 478 2588 globosis
515 2534 541 2563 a
574 2523 753 2561 nostra
801 2522 853 2559 et
882 2529 907 2557 a
946 2511 1120 2574 planta
1160 2505 1282 2555 Fe'ei
1320 2507 1620 2574 apotheciis
1662 2516 1967 2554 constanter
1998 2506 2139 2571 lage..

237 2589 356 2638 nifo
389 2586 591 2637 rmibus
645 2598 744 2631 nec
815 2597 1041 2647 unquam
1088 2578 1330 2645 globosis
1373 2587 1558 2627 onusta
1597 2593 1703 2625 non
1744 2575 2011 2624 diversum
2053 2575 2142 2624 ha-

236 2660 371 2708 bere
429 2673 538 2705 non
578 2669 807 2718 possum.

393 2729 453 2777 A.
493 2723 691 2774 variu
721 2740 798 2777 ln,
842 2718 1175 2767 citrinum
1228 2729 1284 2780 †;
1326 2727 1500 2764 crusta
1529 2715 1962 2782 hypophloeode,
2002 2725 2140 2763 stro-

244 2811 382 2848 mate
407 2790 938 2856 subhemisphaerico
991 2790 1134 2836 intus
1195 2799 1452 2853 extusque
1498 2787 1693 2836 citrino
1743 2784 2138 2852 pulverulento,

245 2866 545 2935 apotheciis
579 2880 695 2913 eum
726 2859 922 2910 ostiolo
957 2859 1176 2907 dilatato
1219 2856 1663 2924 lageniformibus
1692 2854 2052 2908 verticalibus.

389 2973 608 3024 Thallus
640 2968 1079 3037 hypophloeodes
1115 2967 1472 3034 praecedente
1517 2967 1750 3025 tenuior,
1795 2964 1890 3015 sub
1926 2964 2142 3030 epider·

252 3046 399 3098 mide
434 3046 602 3094 latens
646 3043 698 3089 in
734 3040 929 3088 nostris
968 3056 1190 3087 amoene
1226 3038 1469 3093 lilacina‚
1509 3037 1572 3085 ad
1606 3035 1892 3088 confinium
1921 3036 2025 3084 late
2058 3035 2142 3083 ni-

251 3116 672 3187 gro-limitatus.
765 3111 973 3159 Stroma
1025 3108 1263 3174 ejusdem
1322 3107 1526 3156 formae
1591 3120 1642 3156 et
1701 3106 2024 3155 substantiae
2081 3119 2140 3153 ac

247 3186 611 3254 praecedens,
665 3180 756 3230 sed
791 3180 993 3228 ambitu
1033 3198 1140 3227 non
1184 3179 1430 3227 indurato
1509 3194 1610 3226 nec
1674 3176 1953 3226 obscurius
1994 3173 2143 3224 colo-

244 3270 383 3316 rato,
425 3274 486 3304 an
517 3254 583 3304 ob
613 3253 942 3319 juventutem
981 3249 1066 3299 vel
1108 3249 1498 3314 vegetationem
1529 3247 1934 3313 depauperatam
1965 3245 2147 3294 aliam-

250 3344 316 3379 ve
349 3342 575 3381 causam,
617 3340 723 3371 non
754 3321 939 3388 liquet.
1013 3318 1310 3386 Apothecia
1338 3330 1390 3368 et
1423 3317 1610 3366 thecae
1644 3316 2034 3383 praecedentis.

395 3429 594 3482 Crescit
646 3429 717 3476 cul
754 3427 1009 3476 arborum
1062 3428 1312 3477 corticem
1370 3444 1541 3495 prope
1585 3425 1853 3488 Bahiam,
1910 3416 2142 3490 confinis

255 3502 458 3564 ΙΙιαΙΙο,
508 3509 567 3550 ut
607 3498 836 3559 videtur,
875 3495 1160 3546 lt'clcenoidi
1180 3495 1565 3562 ιῙΙιιυουίνιεηιὶ,
1615 3497 1708 3546 sed
1752 3495 1833 3564 Sp
1852 3492 2142 3544 haer-iae
