2163 3852
139 229 176 284 6
970 224 1187 271 Anam.

156 378 235 439 de
284 376 576 456 Algarum
625 387 933 431 structura
979 371 1301 430 scientiam
1341 369 1427 427 ita
1469 386 1686 451 putare
1735 390 2054 450 compara-

158 475 287 521 tam
326 473 395 516 ut
436 458 705 516 diversas
754 455 1061 513 sectiones
1074 495 1091 523 ,
1164 451 1375 533 quales
1414 451 1535 532 ipsi
1579 451 2053 529 indigitavimus‚

158 564 290 603 non
329 555 462 598 tuto
495 561 529 596 a
569 558 637 594 se
678 538 940 597 invicem
978 535 1224 617 possint
1259 534 1551 612 distingui
1583 549 1767 614 atque
1798 533 2056 604 definiri,

162 624 395 704 quippe
451 641 708 700 quarum
763 620 987 678 limites
1042 618 1188 675 hinc
1243 616 1387 674 inde
1429 616 1612 697 plane
1672 630 2058 675 evanescant.

160 707 338 765 Hanc
372 702 452 761 ob
484 723 750 770 causam,
797 702 943 760 licet
972 699 1451 758 decrevissemus
1482 699 1863 757 diversorum
1894 696 2060 756 ordi-

160 808 310 846 num
360 786 702 852 sectiones.
784 785 835 842 si
879 784 1068 841 firmis
1118 781 1577 840 characteribus
1632 794 1893 861 possent
1939 778 2062 836 dis-

164 867 392 947 tingui,
471 866 948 925 familiarum
991 865 1240 924 nomine
1288 863 1711 932 introducere,
1781 862 1845 920 in
1890 860 2064 939 Algis

163 951 354 1030 inque
393 948 800 1018 Lichenibus,
871 949 993 1006 illis
1033 969 1216 1028 quam
1255 947 1513 1004 maxime
1551 944 1859 1023 analogiS,
1931 962 2064 1001 sec-

165 1033 370 1091 tiones
407 1053 533 1089 non
567 1029 936 1108 familiarum
981 1031 1091 1088 sed
1128 1028 1468 1088 tribuum
1514 1026 1902 1087 solummodo
1942 1039 2064 1083 ter-

163 1115 335 1175 mino
368 1113 692 1191 insignitas
728 1113 1177 1194 usurpabimus.

816 1286 1094 1331 TRIBUS
1153 1284 1411 1329 PRIMA.

234 1398 521 1451 ALGAE
571 1398 1188 1450 GELATINOSAE
1243 1414 1285 1448 s.
1335 1396 2000 1450 NOSTOCHINAE.

171 1505 549 1574 (maronam,
590 1526 1019 1560 uosrochEAE
1058 1526 1127 1558 ΕΤ
1157 1523 1707 1558 couFEnvomEAncm
1747 1525 1917 1559 GENN.
1955 1508 2071 1574 AG.)

342 1633 664 1692 Thallus
707 1633 1239 1713 gelatinosus:
1307 1647 1409 1689 aut
1452 1653 1606 1688 mas
1628 1653 1706 1689 sa
1750 1629 2072 1702 difformiS,

180 1725 441 1806 globosa
481 1750 796 1788 ramosave
811 1771 828 1799 ,
901 1728 1130 1797 solida,
1199 1727 1586 1806 homogenea
1632 1727 1726 1787 vel
1774 1727 2075 1788 vesiculas

179 1822 355 1881 filave
384 1824 744 1881 tenuissima
779 1823 1075 1904 colligens
1091 1864 1108 1895 ,
1156 1838 1258 1884 aut
1292 1823 1324 1883 f
1332 1846 1362 1882 r
1376 1846 1411 1882 o
1425 1845 1467 1883 n
1483 1845 1510 1882 s
1549 1823 1892 1903 gelatinoso
1912 1857 1934 1871 -
1949 1821 2078 1882 fila-

176 1933 459 1978 mentosa
500 1918 840 1977 articulata.

326 2045 614 2098 Observ.
701 2049 817 2098 Stat
861 2047 996 2097 haec
1037 2042 1211 2095 tribus
1256 2045 1313 2094 in
1357 2044 1524 2094 totius
1556 2043 1712 2111 regni
1753 2043 2078 2113 vegetabilis

179 2113 357 2166 limite
384 2134 689 2186 generaque
716 2117 1100 2183 complectitur
1120 2115 1378 2184 quaedam
1404 2115 1822 2181 simplicissima,
1846 2134 1981 2185 quae
2001 2115 2082 2165 nil

185 2187 444 2236 exhibent
478 2190 584 2238 nisi
615 2205 825 2237 mucum
852 2186 1210 2255 vegetabilem
1239 2185 1554 2252 amorphum
1587 2187 1840 2236 vesiculis
1875 2186 2081 2236 foetum

182 2257 459 2325 organicis
492 2259 771 2325 inspersis.
847 2260 962 2309 Jam
983 2257 1252 2306 nobiliora
1276 2257 1537 2307 vesiculas
1568 2267 1717 2305 certa
1745 2257 1864 2325 lege
1893 2256 2080 2306 subac-

185 2338 266 2376 tas
299 2339 458 2396 atque
489 2329 778 2379 secundum
814 2327 1211 2395 longitudinem
1243 2327 1493 2386 seriatas‚
1533 2338 1586 2376 et
1611 2345 1813 2377 summa
1847 2328 2081 2396 denique

188 2399 485 2448 secundum
515 2399 911 2468 longitudinem
944 2398 1392 2465 latitudinemque
1421 2397 1706 2464 dispositas
1731 2397 1913 2447 ferunt
1938 2414 2082 2449 c-om-

184 2479 509 2537 pactasque‚
552 2487 706 2539 quam
740 2470 808 2519 ob
842 2486 1052 2518 causam
1079 2479 1189 2517 tres
1220 2468 1414 2536 gradus
1449 2468 1502 2516 in
1536 2468 1681 2517 omni
1710 2468 1966 2536 Algarum
1995 2485 2082 2518 or·

188 2538 316 2588 dine
360 2539 722 2592 observandos
762 2540 885 2589 heic
925 2533 1224 2605 repetendo
1254 2537 1648 2588 Nostochineas
1687 2555 1870 2588 mere
1909 2538 2085 2607 gela-

192 2609 493 2671 tinosas‚
563 2610 822 2660 filosas
878 2621 932 2660 et
986 2608 1364 2659 frondosas
1411 2624 1731 2675 procreasse
1769 2611 1970 2660 Natura
2008 2609 2086 2662 vi·

189 2679 360 2729 detur.

332 2751 573 2801 Duarum
606 2750 851 2817 priorum
880 2749 1143 2799 serierum
1171 2746 1423 2797 nonnulla
1455 2764 1686 2814 genera,
1735 2748 1982 2817 ambigua
2009 2748 2090 2797 in·

194 2830 283 2869 ter
318 2820 601 2870 animalem
643 2832 698 2870 et
740 2821 1098 2888 vegetabilem
1134 2818 1344 2878 indole,
1405 2829 1587 2868 motu
1621 2829 1743 2867 sunt
1776 2819 2090 2887 conspicua,

197 2906 358 2959 quem
391 2903 597 2951 tamen,
652 2909 813 2960 quum
858 2891 932 2939 ita
970 2900 1306 2957 comparatus
1346 2888 1442 2945 sit,
1508 2900 1565 2939 ut
1599 2888 1652 2938 in
1691 2889 2093 2940 Diatomeis

192 2961 598 3027 appositionem
625 2962 706 3012 vel
736 2962 1060 3012 divisionem
1084 2961 1234 3010 sistat
1262 2978 1287 3008 a
1315 2960 1723 3027 propagationis
1753 2977 1976 3010 munere
2006 2959 2096 3013 vix

197 3030 462 3080 diversam
485 3070 497 3092 ‚
551 3032 606 3080 in
637 3032 686 3084 Ο
707 3031 1131 3082 scillatoriis
1168 3030 1560 3080 oscillationem
1597 3047 1716 3080 cum
1746 3030 2093 3099 vegetatione

199 3113 574 3159 coaetancam,
616 3123 643 3153 a
672 3103 1052 3172 vegetabilium
1087 3113 1271 3150 natura
1301 3119 1406 3151 non
1437 3101 1762 3163 abhorrere,
1814 3102 1978 3150 immo
2013 3100 2094 3152 vi·

200 3183 290 3223 tae
322 3172 638 3240 vegetabilis
672 3191 932 3224 summum
964 3190 1154 3222 munus
1177 3171 1418 3237 explere,
1453 3171 1644 3221 eodem
1676 3171 1791 3221 fere
1824 3171 1983 3220 modo
2015 3170 2095 3219 uti

203 3243 263 3293 in
297 3243 610 3312 quibusdam
641 3244 1122 3312 Leguminosarum
1143 3280 1155 3302 ‚
1210 3241 1447 3291 omnium
1474 3242 1775 3309 plantarum
1818 3240 2094 3292 nobilissi-

204 3331 441 3368 marum.
472 3315 763 3382 generibus
796 3325 1033 3374 constat,
1091 3313 1474 3363 existimamus.

339 3386 606 3437 Numerus
640 3385 1124 3436 Nostochinearum
1152 3402 1179 3433 a
1209 3383 1366 3432 nobis
1398 3382 1535 3430 intra
1564 3381 1827 3431 Brasiliae
1855 3381 2095 3448 tropicae

200 3453 408 3505 limites
458 3455 855 3505 observatarum
902 3473 1056 3524 quam
1111 3453 1338 3502 maxime
1391 3453 1547 3501 exilis
1590 3470 1697 3501 non
1744 3452 2099 3517 plantularum

202 3525 542 3574 solummodo
585 3527 934 3594 exiguitatem
981 3524 1076 3576 sed
1120 3524 1291 3591 ipsius
1341 3523 1483 3573 coeli
1522 3522 1841 3587 temperiem
1882 3523 2100 3573 videtur

203 3610 415 3645 causam
444 3612 768 3663 agnoscere;
808 3595 1241 3646 observationum
1266 3593 1518 3642 nimirum
1542 3593 1608 3642 cl.
1630 3592 1997 3642 Gruithuis
2015 3595 2104 3641 en‘

205 3664 540 3736 aliorumque
571 3666 695 3718 heic
727 3666 1041 3718 meminisse
1069 3664 1230 3732 juvat,
1270 3663 1466 3733 quibus
1495 3662 1774 3730 probatum
1808 3673 1920 3725 est,
1959 3672 2097 3712 tem·
