2163 3852
229 185 297 238 84
618 176 621 178 ’
871 184 1174 236 Inoa-m.
1213 181 1477 238 θεωρῆτε.

383 333 599 386 Thallus
619 343 926 384 crustaceus
947 372 961 396 ‚
1001 334 1065 385 ad
1101 335 1314 386 oculum
1346 336 1547 388 nudum
1581 334 1751 388 laevis
1772 374 1786 399 ‚
1825 335 1889 388 ad
1924 338 2126 390 lentem

244 405 670 463 scabriusculus,
742 403 1090 470 psittacinus,
1158 407 1316 472 nigro
1345 436 1365 446 ·
1395 407 1737 474 marginatus.
1829 408 2130 474 Apothecia

239 476 490 543 gracilia,
530 473 775 524 breviter
809 474 1062 536 linearia,
1103 493 1286 542 parum
1324 474 1593 536 flexuosa,
1651 477 1915 544 simplicia
1953 489 2009 528 et
2044 477 2128 528 bi-

237 546 343 596 fide
383 544 804 599 substellatimve
843 547 1133 607 ramulosa,
1175 563 1202 594 a
1240 545 1402 595 thallo
1443 547 1655 597 obtecta
1688 547 1992 613 psittacina‚
2033 547 2128 597 de-

241 632 383 663 mum
421 631 578 681 supra
617 614 876 664 denudata
914 627 1024 665 atra
1061 615 1261 677 nitida,
1312 616 1379 666 ad
1414 616 1547 667 fines
1583 617 1894 668 acuminata.
1969 617 2127 668 Peri-

240 683 482 735 thecium
518 685 773 754 utrinque
811 701 1196 752 compressum.
2094 701 2106 706 ·

389 789 588 840 Crescit
610 789 682 838 ad
709 790 955 840 corticem
984 789 1163 841 Lauri
1180 790 1465 858 pretiosae,
1496 811 1667 859 prope
1705 790 1871 853 Parti,
1905 791 2131 844 eundem

241 860 330 912 cui
351 861 712 911 innascuntur
729 858 1047 930 Dlorygma
1069 862 1371 931 grammills
1388 872 1438 913 et
1469 861 1810 914 leelotrema
1839 863 2130 914 occultum.

385 969 634 1018 Adnot.
708 970 892 1017 Planta
941 970 1115 1019 Feei
1172 971 1328 1021 citata
1380 970 1606 1021 differre
1656 971 1873 1022 videtur
1910 970 2132 1038 apothe-

245 1039 348 1088 ciis
388 1038 676 1102 majoribus
728 1050 781 1086 et
830 1038 1014 1088 colore
1063 1040 1211 1090 thalli
1270 1042 1560 1091 secundum
1598 1041 2024 1107 descriptionem
2062 1041 2139 1090 ci-

246 1106 829 1167 nereo-flavescente,
884 1110 1173 1158 secundum
1213 1111 1424 1159 iconem
1480 1112 1658 1177 potius
1707 1111 2132 1161 caesio-viridi.

244 1178 464 1227 Thallus
502 1189 689 1228 noster
733 1177 808 1225 illi
851 1181 895 1226 T
912 1178 1421 1229 helom-ematis
1462 1181 1718 1242 confinis,
1757 1183 1930 1230 miuus
1970 1181 2130 1231 Dio-

241 1250 584 1314 rygmatis
623 1247 801 1305 citati,
855 1248 1044 1297 similis
1096 1250 1280 1300 colore
1335 1252 1700 1303 tantummodo
1738 1251 1906 1318 magis
1943 1249 2134 1302 ssaves-

247 1331 407 1370 cente
443 1320 508 1370 ab
546 1318 790 1387 utrisque
830 1318 1130 1373 distinctus·

667 1487 736 1530 13·
795 1494 1120 1534 GRAPHIS
1166 1494 1725 1535 cnRYSOCARPA.

392 1607 482 1655 Gr.
539 1617 713 1658 crusta
769 1608 1026 1661 laminosa
1065 1611 1404 1661 nitidiuscula
1443 1611 1875 1670 alludo-caesia,
1918 1609 2147 1678 apothe?

251 1675 351 1725 ciis
390 1676 623 1741 magnis,
667 1677 916 1747 oblongis
956 1693 1008 1730 et
1033 1678 1355 1741 linearibus,
1398 1683 1667 1750 depressis
1698 1680 1970 1739 flexuosis,
2012 1680 2138 1729 sim—

250 1745 481 1811 plicibus
518 1747 690 1796 rarius
741 1749 994 1810 furcatis‚
1047 1762 1196 1801 extus
1249 1753 1478 1817 auratis,
1532 1753 1792 1822 utrinque
1843 1749 2139 1819 longitudi-

253 1814 453 1865 naliter
491 1815 708 1867 sulcatis
746 1829 800 1868 et
837 1820 1036 1888 nigro·
1061 1822 1278 1872 striatis.

395 1922 719 2001 Opegrapha
759 1926 1115 1994 chrysocarpa
1140 1965 1152 1988 ‚
1210 1924 1393 1977 Raddi
1435 1926 1490 1977 in
1527 1927 1655 1976 Acti
1696 1925 1837 1977 delle
1877 1943 1983 1976 soc.
2022 1923 2143 1976 ital.

467 1991 1477 2133 {¹555}⁶{afr-‚7420&35:53532234
1510 1996 1620 2050 Μ’·
1647 1992 1823 2065 ³·fiss·
1850 2013 1900 2048 ²·
1934 1997 2145 2063 <¹⁸²0'·

324 2176 330 2178 ’
396 2169 616 2218 Thallus
649 2186 989 2234 mustaceus,
1030 2175 1134 2224 late
1176 2174 1408 2234 effusus,
1459 2175 1664 2235 tenuis,
1705 2172 1760 2222 in
1796 2186 1982 2224 nostro
2022 2171 2144 2241 qui·

257 2237 377 2284 ‹lem
414 2254 534 2286 cum
580 2242 788 2291 cortice
840 2245 1103 2295 suberoso
1159 2246 1565 2306 tuberculosus‚
1623 2245 1679 2293 in
1729 2244 1955 2312 singulis
2008 2258 2136 2293 vero

252 2308 496 2372 partibus
539 2309 828 2379 laevigatus
886 2327 944 2364 et
999 2316 1180 2365 nitore
1234 2316 1461 2384 quodam
1514 2315 1782 2365 metallico
1835 2313 2138 2364 distinctus.

253 2377 553 2442 Apothecia
591 2380 646 2428 in
695 2385 894 2432 nostris
937 2397 1243 2435 constanter
1300 2387 1510 2436 occlusa
1537 2421 1551 2446 ,
1608 2383 2142 2452 oblongo—linearia,

252 2446 346 2496 vix
384 2448 524 2497 binis
564 2450 725 2501 lineis
766 2453 1043 2521 longiora,
1084 2457 1341 2523 pleraque
1380 2454 1643 2522 simplicia
1668 2489 1681 2510 ,
1720 2455 1973 2520 pauciora
2015 2453 2142 2502 sim·

250 2517 473 2581 pliciter
518 2518 712 2582 bifida,
773 2524 1052 2574 latitudine
1124 2526 1459 2575 altitudinem
1509 2536 1812 2592 superante.
1900 2521 2146 2573 Peritho-

254 2586 395 2634 cium
448 2592 866 2651 crassissimum,
940 2596 1110 2643 minus
1163 2614 1316 2663 quam
1360 2597 1412 2644 in
1455 2595 1573 2643 aliis
1613 2593 1897 2660 speciebus
1939 2593 2146 2653 durum,

255 2672 285 2704 e
336 2658 539 2720 triplici
602 2673 767 2712 strato
821 2666 1209 2730 compositum,
1278 2665 1561 2731 superiore
1614 2663 1929 2712 tenuissimo
1980 2666 2150 2712 mem-'

252 2723 519 2775 brauaceo
557 2729 877 2794 subhyalino
921 2733 1207 2800 sulphureo
1258 2736 1343 2783 vel
1397 2737 1594 2784 citrino
1649 2734 1905 2791 evanido,
1958 2733 2140 2782 medio

250 2795 631 2860 pulverulento
674 2804 1012 2861 aurantiaco,
1065 2805 1329 2854 interiore
1373 2806 1564 2872 nigro,
1617 2803 1812 2873 quibus
1866 2821 1972 2853 uno
2022 2813 2145 2869 post

255 2863 481 2914 alterum
518 2869 726 2920 amissis
763 2874 1045 2937 apothecia
1085 2875 1325 2924 diversos
1379 2876 1606 2923 induunt
1664 2875 1876 2923 colores
1931 2873 2140 2922 citatos.

253 2936 394 2983 Intra
432 2936 606 2986 sulcos
646 2944 898 3010 marginis
938 2946 1148 3011 proprii
1203 2945 1620 3011 longitudinales
1668 2944 1919 3012 utrinque
1959 2944 2141 3009 singu-

251 3003 334 3052 los
374 3005 458 3055 vel
500 3007 658 3058 binos
699 3013 870 3063 lineae
911 3018 1095 3082 nigrae
1152 3014 1388 3064 elevatae
1442 3016 1823 3073 observantur,
1876 3013 1928 3061 in
1971 3013 2145 3080 planta

250 3072 474 3138 juvenili
514 3079 776 3146 rariores,
831 3084 955 3145 hinc
1009 3086 1083 3132 uti
1140 3085 1349 3135 videtur
1400 3101 1427 3134 e
1467 3095 1628 3134 strato
1670 3081 1959 3150 perithecii
1998 3083 2152 3131 inte-¹

251 3142 402 3192 riore
455 3145 721 3201 denudato
781 3155 1181 3218 provenientes,
1255 3155 1487 3205 Nucleus
1510 3166 1794 3220 angustus,
1834 3152 1896 3201 ad
1937 3151 2142 3202 sectio·

250 3229 373 3261 nem
414 3222 820 3271 transversalem
859 3225 1239 3282 cordisormis,
1295 3226 1447 3291 apice
1488 3225 1752 3273 inferiore
1793 3222 2007 3288 saepius
2044 3230 2134 3271 ro-'

249 3283 468 3332 tundato
508 3302 608 3334 nec
645 3304 818 3342 acuto.
913 3295 1124 3343 Thecae
1180 3311 1397 3358 magnae
1452 3290 2133 3356 subfusisormi·cylindri—

251 3367 377 3413 cae,
420 3356 724 3421 annulatae,
776 3364 1002 3412 annullis
1050 3381 1217 3432 usque
1256 3358 1609 3413 novendecim
1662 3361 1970 3422 commosis,
2023 3359 2163 3431 ccl-3

248 3421 391 3482 lust&
432 3423 517 3493 Uti,
547 3426 786 3490 videtur,
829 3433 881 3481 in
924 3428 1108 3501 quovis
1148 3435 1340 3484 annulo
1376 3434 1546 3483 ternis
1579 3431 1864 3500 quadratis.

389 3506 592 3560 Crescit
619 3517 691 3565 acl
723 3509 977 3569 arborum
1025 3521 1274 3571 corticem
1298 3539 1473 3590 prope
1517 3518 1668 3572 Para'
1684 3539 1706 3587 ,-
1753 3518 1827 3584 (in
1860 3515 2146 3587 provincia

246 3575 353 3628 Rio
402 3579 466 3630 de
509 3579 747 3642 Janeiro.
806 3589 1027 3655 liaddi).
