2163 3852
670 156 812 205 L1c11
822 172 970 205 muns.
1037 147 1337 209 pinnum.
1839 168 1942 218 209

217 301 433 353 Thallus
469 300 801 368 polyphyllus
838 321 866 353 e
904 304 1042 354 lobis
1081 307 1225 357 varie
1276 307 1537 377 elongatis
1588 319 1642 361 et
1692 311 1943 361 rotunda-

78 372 179 435 tis,
217 372 550 438 complicatis
587 371 953 422 subconcrctis
991 376 1278 425 undulatim
1330 380 1542 445 plicatis
1591 381 1940 447 compositus,

80 460 237 509 supra
284 441 468 507 glaber
516 440 714 508 pallide
769 442 1063 504 rufescens,
1121 446 1302 497 subtus
1356 449 1709 499 subconcolor
1748 461 1942 499 satura-

81 513 188 561 tius
227 515 493 560 coloratus
542 509 656 559 sere
707 510 1076 577 rubiginosus‚
1136 514 1424 581 laevigatus
1478 520 1686 582 saepius
1742 520 1942 568 nitidus

76 599 177 631 nec
220 580 518 647 rugulosus,
557 578 682 628 hinc
717 580 842 630 inde
880 583 1374 650 nigro-maculatus
1404 587 1664 654 hispidus,
1706 590 1943 656 margine

79 652 352 700 crenulato
391 648 637 698 undulato
678 659 730 698 et
767 651 1000 716 crispato
1040 654 1180 702 ciliis
1219 657 1354 705 raris
1390 658 1559 723 nigris
1612 658 1939 707 criniformi-

76 721 174 769 bus
213 730 419 770 ornato.
460 718 637 775 ,Color
673 718 852 777 ruber,
892 739 997 770 non
1027 722 1332 790 superficiei
1371 738 1584 789 tantum,
1626 728 1718 777 sed
1757 746 1944 794 sporu-

73 790 141 839 lis
182 789 331 839 strati
382 787 684 837 medullaris
724 789 964 840 inhaeret
1000 791 1141 856 (icon
1180 790 1401 861 cit.fig.
1442 793 1518 844 II.
1559 798 1664 858 2.);
1725 808 1945 848 stratum

76 860 250 910 viride
287 858 395 909 vidi
431 857 652 908 nullum.
725 859 985 911 Scutcllae
1024 880 1235 929 sparsae
1272 866 1324 913 in
1362 865 1587 930 singulis
1622 866 1760 915 lobis
1800 868 1946 932 peri-

74 929 360 996 phericae,
400 927 565 994 magis
605 927 885 992 adpressae
926 949 1079 998 quam
1119 933 1172 981 in
1224 935 1569 984 varietatibus
1619 937 1946 1000 praeceden-

73 999 233 1058 tibus,
270 997 507 1064 juniores
539 997 1026 1060 subcyathiformes‚
1069 1020 1162 1051 ore
1190 1004 1384 1054 arctius
1417 1003 1611 1053 inssexo
1646 1006 1938 1068 crenulato,

77 1067 239 1128 (icon.
270 1061 496 1133 altsig.
528 1067 569 1115 I.
618 1066 704 1127 1.),
745 1069 1034 1121 adultiores
1073 1074 1238 1140 magis
1260 1074 1522 1123 dilatatae.
1595 1075 1789 1124 Discus
1813 1092 1939 1125 con-

79 1140 234 1188 cavus
284 1136 572 1204 nigricans.
647 1136 859 1187 Thecae
906 1141 1153 1191 minimae
1204 1155 1418 1203 ovatae,
1477 1144 1639 1193 semel
1689 1156 1940 1211 septatae,

76 1207 392 1274 pellucidae,
433 1217 721 1274 quaternae
760 1209 949 1276 quinae
990 1213 1215 1261 seriatae
1252 1213 1405 1277 (icon.
1433 1209 1650 1280 cit.fi'g.
1681 1212 1756 1263 Il.
1787 1232 1832 1266 2.
1865 1218 1942 1279 a.)

216 1314 418 1365 Crescit
453 1314 525 1363 ad
559 1314 705 1381 ripas
723 1313 899 1381 fluvii
932 1319 1292 1374 Amazonum.

215 1428 463 1479 Adnot.
539 1432 664 1480 Icon
722 1431 877 1480 citata
939 1430 1006 1480 ob
1064 1431 1475 1482 delineationem
1522 1431 1680 1483 nimis
1735 1430 1939 1499 nigram

75 1498 357 1548 saturatius
396 1500 628 1550 colorata
662 1510 881 1566 apparet
917 1518 1070 1567 quam
1108 1502 1282 1565 planta
1313 1502 1595 1568 descripta.
1670 1505 1817 1551 Haec
1854 1519 1941 1551 va-

72 1569 236 1618 rietas
283 1568 530 1618 loborum
578 1571 1017 1637 scutellarumque
1070 1570 1240 1619 forma
1294 1571 1636 1636 praecedenti
1701 1571 1942 1638 proxime

75 1638 301 1696 accedit,
341 1638 546 1687 recedit
583 1639 767 1688 colore
801 1657 906 1688 non
939 1650 1140 1688 tantum
1172 1651 1391 1691 externo
1421 1642 1688 1691 sedetiam
1717 1641 1947 1699 interno,

77 1707 225 1773 cujus
265 1707 333 1755 ob
368 1724 572 1757 causam
606 1726 703 1774 pro
745 1710 926 1776 specie
964 1709 1239 1777 hucusque
1279 1710 1610 1779 distinguere
1658 1710 1943 1771 noluimus,

75 1792 193 1825 cum
235 1777 377 1826 idem
415 1779 767 1828 maceratione
804 1779 954 1827 valde
993 1792 1244 1847 augeatur
1281 1799 1380 1830 nec
1410 1800 1514 1830 non
1556 1782 1688 1831 aliae
1724 1784 1784 1830 P.
1844 1797 1944 1830 co·

70 1847 360 1896 riaceae
401 1858 617 1897 nostrae
654 1849 936 1898 varietates
973 1849 1076 1898 hoc
1112 1850 1271 1899 modo
1309 1851 1618 1912 rumesiam,
1657 1862 1949 1918 praeterea

76 1918 230 1967 color
266 1919 366 1965 iste
403 1917 566 1967 ruber
604 1919 873 1967 materiam
914 1921 1089 1983 potius
1110 1919 1376 1968 lichenum
1402 1923 1723 1987 peculiarem
1752 1922 1947 1971 tincto·

74 1986 208 2036 riam
249 2005 402 2054 quam
441 1988 638 2037 serrum
672 1988 985 2049 (secundum
1027 1990 1311 2040 Schouw
1350 2003 1402 2040 et
1438 1993 1689 2056 Meyer)
1727 2008 1944 2055 resorp-

78 2066 190 2104 tum
228 2056 466 2106 indicans
506 2057 558 2106 in
599 2059 898 2107 lichenibus
938 2060 1004 2108 sit
1041 2058 1429 2109 fallacissimus,
1506 2059 1784 2128 Singulare
1824 2061 1972 2127 qui-st

81 2126 201 2176 dem
241 2137 347 2185 est,
398 2128 705 2177 varietatem
743 2129 1178 2178 urceolatam
1232 2141 1285 2178 et
1325 2130 1534 2197 saepius
1574 2132 1741 2197 ipsam
1794 2147 1950 2196 per.-·

77 2196 282 2245 latam
319 2197 675 2247 maceratione
713 2216 821 2248 non
859 2199 1072 2248 rubram
1109 2199 1283 2265 tingi,
1337 2201 1480 2268 quod
1517 2218 1643 2250 vero
1680 2201 1735 2249 in
1776 2200 1951 2249 diver·

80 2266 154 2315 sis
195 2266 430 2332 ejusdem
468 2266 696 2327 lichenis
736 2268 1118 2333 speciminibus
1158 2268 1424 2319 diversum
1466 2287 1584 2320 esse
1634 2269 1951 2338 frequenter

79 2336 457 2401 comperimus.
531 2337 652 2399 (cfr.
695 2338 833 2387 infra
870 2338 1044 2387 adnot.
1101 2339 1167 2387 ad
1217 2341 1279 2392 P.
1319 2339 1785 2390 coralloidem
1837 2357 1943 2391 vara

87 2404 526 2474 rubigineam
565 2418 618 2456 et
653 2407 1003 2459 Wallroth
1040 2405 1075 2456 l.
1116 2424 1163 2458 c,
1202 2425 1252 2474 p.
1291 2417 1408 2474 457.
1448 2407 1620 2477 sequ.)
1762 2419 1767 2425 ’

425 2579 484 2622 Β.
553 2593 857 2630 FORMAE
939 2592 1591 2632 ANGUSTIFOLIAE.

83 2782 86 2783 γ
214 2719 275 2768 Ρ.
316 2718 689 2769 coriacea‘?
732 2731 1070 2770 contexta
1120 2720 1181 2784 †;
1219 2719 1381 2770 thallo
1420 2720 1669 2771 coriaceo
1723 2714 1942 2769 linearis

76 2786 328 2836 laciniato
367 2788 561 2854 pallide
609 2788 1251 2856 helvolo-glaucescente
1305 2790 1486 2840 subtus
1522 2791 1680 2860 nigro
1714 2790 1948 2856 hispido,
2014 2844 2018 2848 ,

74 2856 287 2906 laciniis
328 2858 717 2909 subdivaricato
747 2859 1106 2911 -dichotomis
1145 2860 1570 2912 convexiusculis
1606 2861 1758 2927 apice
1796 2861 1949 2910 obtu-

75 2927 162 2985 εἰς,
205 2927 440 2976 scutellis
480 2928 686 2994 amplis,
735 2929 884 2980 disco
923 2947 1156 2984 concavo
1209 2942 1666 3000 atro-purpureo,
1705 2932 1944 3000 margine

74 2997 408 3048 tenuissimo.

214 3080 430 3129 Thallus
467 3080 645 3132 forsan
685 3081 1050 3148 injuventute
1104 3082 1453 3143 orbiculariS,
1505 3094 1690 3134 noster
1738 3099 1768 3133 e
1822 3076 1951 3131 lacis

73 3144 180 3199 niis
218 3150 582 3200 conformibus
621 3153 1085 3202 coriaceo-loreis
1140 3153 1353 3202 sibimet
1400 3153 1629 3204 invicem
1696 3152 1951 3202 intertexs

75 3220 146 3268 tis
196 3221 534 3286 compositus.
606 3223 857 3271 Laciniae
894 3223 1142 3282 lineares,
1197 3223 1430 3273 iteratim
1483 3224 1648 3291 magis
1715 3223 1953 3274 minusve

74 3300 279 3338 remote
319 3290 673 3351 dichotomae,
713 3290 880 3342 rarius
920 3292 1185 3358 profunde
1238 3294 1509 3356 sinuatae,
1561 3304 1825 3361 nunquam
1875 3292 1950 3341 lo-

73 3358 230 3408 batae
265 3361 349 3410 vel
388 3370 661 3417 crenatae,
728 3361 790 3411 ad
841 3361 1215 3412 dichotomiam
1269 3364 1526 3423 latiores,
1599 3362 1808 3414 exinde·
1865 3375 1954 3426 pa-

77 3438 253 3478 tentes
316 3440 370 3478 et
440 3430 891 3490 subdivaricatae,
984 3432 1107 3481 hinc
1174 3435 1389 3500 saepius
1465 3428 1601 3498 huo,
1642 3434 1768 3481 illuc
1835 3446 1962 3480 cone

76 3515 298 3559 versae,
380 3516 536 3566 supra
606 3501 1043 3557 convexiusculae
1102 3502 1298 3568 pallide
1351 3501 1821 3562 ssai‘omvirentes,
1879 3503 1958 3549 in-⁴

146 3585 322 3620 nona
376 3586 586 3622 Bnasu..
630 3574 667 3623 1.
1529 3570 1597 3626 14
