2163 3852
619 169 962 216 Hammo-m.
999 152 1452 211 Juucunmmwiii.
1828 152 1830 156 ’
1874 158 1976 211 361

103 338 187 375 tus
231 314 941 388 emarginato-subplicatis,
982 308 1378 376 ampliigastriis
1404 304 1551 355 soliis
1591 320 1770 369 parum
1809 306 1981 356 mino·

102 395 251 444 ribus
278 391 574 441 arctissime
606 386 899 436 imbricatis
930 394 1231 431 transverse
1265 376 1573 426 orbiculatis
1606 386 1757 424 acute
1787 375 1983 438 bifidis,

106 464 318 514 laciniis
362 461 564 519 acutis3
621 456 885 522 calycibus
939 452 1030 516 (in
1062 451 1184 504 Var.
1211 448 1300 511 β.)
1374 444 1681 496 lateralibus
1742 445 1984 498 obovatis

109 529 674 603 quinquangularibuS.

179 658 255 720 β).
296 654 573 712 tenerior,
609 650 818 700 laciniis
850 642 1347 712 amphigastriorum
1387 639 1814 690 conniventibus.

332 774 387 842 ³⁵²)
424 775 574 824 soliis
623 774 779 820 nullis
815 773 1052 838 solisque
1095 767 1293 818 lohulis
1333 775 1389 814 et
1428 761 1822 833 amphigastriis
1856 762 1994 812 resi-

425 845 562 905 duis,
603 844 728 894 hinc
769 844 998 894 surculis
1027 837 1419 908 angustissimis
1454 832 1814 886 filisormibus.

256 970 441 1018 Planta
460 968 638 1019 habitu
663 969 706 1018 J.
733 984 759 1016 e
778 985 808 1017 o
830 985 879 1015 m
897 966 960 1034 pl
979 983 1050 1015 an
1073 974 1172 1013 ata
1190 979 1236 1022 e,
1272 960 1438 1010 denso
1463 959 1699 1025 caespite
1731 968 1996 1007 contexta.

118 1041 158 1090 C
178 1059 203 1089 a
226 1039 365 1088 ulis
393 1039 687 1105 pollicaris.
714 1034 1191 1105 sesquipollicaris,
1211 1032 1408 1090 tenuis,
1436 1030 1732 1086 rufescens,
1772 1025 1999 1094 flagellis

116 1109 371 1160 brevibus
396 1108 712 1177 fibrilli<que
736 1106 1064 1159 tenuissimis
1092 1103 1289 1170 sparsis
1318 1102 1508 1151 cortici
1538 1112 1590 1148 et
1619 1100 1735 1148 aliis
1763 1096 2000 1163 ejusdem

123 1181 379 1247 caespitis
410 1179 646 1229 caulibus
676 1179 943 1246 ramisque
974 1190 1305 1234 accrescens,
1328 1171 1581 1221 arcuatim
1607 1171 1886 1226 decurvus,
1921 1167 2003 1214 in-

123 1250 279 1300 ferne
318 1251 637 1316 simpliciter
662 1267 937 1312 ramosus,
979 1261 1208 1313 superne
1230 1244 1283 1290 in
1317 1259 1486 1290 ramos
1516 1241 1694 1305 plures
1726 1238 2004 1304 longiores

124 1320 512 1388 brevioresque
564 1319 911 1370 dichotomo-
961 1329 1016 1373 et
1057 1311 1676 1381 subpinnatim-divisus
1728 1309 2006 1375 magisque

126 1407 422 1456 expansus3
461 1391 595 1441 rami
625 1390 815 1449 obtusi,
854 1398 1115 1458 patentem,
1153 1384 1344 1435 ramuli
1369 1382 1582 1441 breves,
1613 1379 1703 1428 alii
1724 1378 1840 1429 fere
1861 1394 2009 1445 gem-

127 1461 450 1511 maeformes
481 1461 688 1524 obtusi,
728 1461 820 1509 alii
857 1458 1033 1525 paullo
1075 1455 1352 1521 longiores
1392 1451 1560 1509 acuti,
1600 1467 1785 1500 omnes
1813 1447 2008 1514 angulo

127 1544 279 1597 recto
314 1532 671 1598 divergentes.
748 1530 956 1581 Folia
996 1526 1247 1584 disticha,
1286 1521 1671 1580 horizontalia,
1712 1519 2011 1568 arctissime

130 1613 435 1653 antrorsum
496 1602 804 1661 imbricata,
880 1598 1175 1648 orbiculata
1199 1632 1211 1654 ,
1267 1591 1550 1642 rotundata
1570 1627 1582 1650 ,
1639 1588 2011 1654 integerrima,

128 1673 245 1723 basi
265 1673 466 1738 postica
490 1672 605 1719 sinu
638 1688 799 1735 parvo
828 1666 1019 1718 inflexa
1050 1677 1104 1715 et
1127 1663 1393 1713 auriculae
1421 1661 1482 1709 ad
1510 1660 1747 1725 speciem
1777 1658 2011 1705 minutae

134 1755 426 1810 acutaeque
473 1741 823 1806 complicata,
882 1736 1195 1804 ferruginea
1262 1734 1347 1783 vel
1410 1729 1780 1786 flavescentia,
1844 1727 2017 1785 nitida

139 1812 426 1881 splendore
457 1811 674 1879 pingui3
710 1811 843 1861 retis
879 1807 1090 1858 areolae
1121 1803 1469 1860 orbiculatae,
1509 1800 1827 1849 mediocres.
1879 1798 2018 1845 Am-

139 1883 387 1950 phigas
410 1883 542 1930 tria
579 1881 726 1930 foliis
758 1881 814 1929 in
845 1881 969 1932 Var.
995 1897 1041 1925 οι.
1078 1874 1303 1925 dimidio
1329 1903 1348 1911 -
1384 1872 1438 1920 in
1483 1872 1603 1920 Var.
1636 1882 1684 1924 β.
1732 1884 2019 1936 parumper

138 1965 340 2003 tantum
382 1952 614 2014 minora,
655 1964 799 2000 arcte
834 1948 1141 2003 imbricata,
1181 1945 1362 2011 plana,
1403 1941 2020 1990 orbiculato—transver-

143 2025 270 2074 salia
319 2022 579 2073 diametro
608 2019 947 2070 transversali
980 2015 1201 2082 majori,
1256 2014 1371 2063 basi
1415 2012 1726 2069 rotundam,
1782 2009 2021 2075 integer-

146 2096 283 2143 rima
303 2131 316 2154 ,
355 2104 534 2150 acuta,
575 2104 728 2141 acute
762 2104 815 2141 et
844 2088 1111 2158 profunde
1144 2083 1336 2144 bifida,
1375 2083 1588 2133 laciniis
1617 2081 1783 2130 recti-s
1818 2078 2021 2141 acuti53

148 2177 265 2214 rete
311 2175 367 2212 ut
396 2165 447 2212 in
477 2163 643 2212 foliis.
718 2166 1020 2213 Fructus
1060 2159 1113 2206 in
1157 2155 1418 2220 exemplis
1455 2154 1579 2205 Var.
1611 2172 1656 2201 oe.
1707 2150 1927 2211 desunt3
1964 2148 2023 2198 in

146 2235 422 2285 Varietate
454 2245 504 2290 β,
543 2235 750 2298 calyces
808 2229 1208 2280 observavimus
1252 2224 1531 2282 laterales,
1591 2222 1841 2281 sessileS,
1908 2218 2026 2267 basi

149 2305 300 2355 soliis
333 2305 540 2355 duobus
578 2302 1100 2370 amphigastrioque,
1141 2297 1364 2348 caulinis
1412 2293 1672 2345 similibus
1696 2339 1699 2354 ,
1723 2290 1818 2340 sed
1848 2289 2030 2355 paullo'

148 2377 450 2425 minoribus
503 2374 863 2423 circumdatos
914 2387 1142 2438 pai-VOS,
1207 2377 1449 2416 exsertos
1501 2375 1708 2421 tamen,
1765 2361 2028 2409 obovatos

152 2448 403 2504 obtusos,
445 2445 650 2511 angulis
698 2463 790 2493 seu
826 2442 982 2508 plicis
1023 2439 1260 2508 quinque
1302 2435 1606 2494 distinctis,
1647 2444 1894 2499 tanquam
1940 2445 2032 2478 cO<

152 2519 285 2579 stis,
327 2517 632 2584 praeditos,
675 2532 768 2564 ore
803 2512 1143 2565 connivente.

297 2642 447 2693 Var.
486 2637 559 2698 (3³²³
597 2655 720 2689 sane
761 2648 1054 2688 memoratu
1085 2632 1394 2700 dignissima
1440 2639 1537 2678 est.
1613 2631 1669 2677 In
1696 2626 1795 2675 hac
1835 2623 2035 2674 etenim

154 2712 287 2763 folia
321 2713 436 2778 ipsa
478 2711 539 2760 ad
581 2709 795 2759 lohulos
839 2724 1008 2774 usque
1052 2704 1270 2753 omnino
1307 2703 1534 2758 desunt,
1573 2714 1673 2746 nec
1709 2697 1813 2745 nisi
1852 2695 1914 2744 ad
1952 2713 2036 2764 ra?

158 2784 304 2832 dices
333 2782 456 2830 hinc
488 2782 611 2831 inde
651 2779 865 2828 residua
912 2778 1276 2828 observantur.
1351 2767 1742 2836 Amphigastria
1785 2782 2038 2833 praesen-

158 2856 231 2903 tia
277 2854 407 2901 latus
449 2870 688 2902 aversum
737 2850 901 2898 dense
952 2847 1232 2913 obtegunt,
1275 2843 1467 2910 quibus
1515 2837 1829 2887 incumbunt
1868 2834 2038 2884 lobuli

162 2923 420 2974 foliorum
457 2923 617 2981 nudi,
657 2932 713 2969 ut
761 2921 942 2986 itaque
982 2917 1085 2966 nisi
1123 2915 1429 2981 promiscua
1471 2920 1787 2959 occurreret
1827 2905 2039 2971 species

167 2992 399 3060 genuina
432 3003 744 3060 restentque
772 2989 1026 3038 foliorum
1073 2986 1136 3036 ad
1167 2985 1317 3035 basin
1353 2980 1552 3031 surculi
1585 2979 1841 3046 vestigia,
1885 2974 2044 3024 facile

164 3064 346 3114 fucum
375 3063 690 3131 cuicumque
721 3062 852 3110 haec
891 3058 1118 3108 faceret.

306 3203 531 3255 Habitat
564 3203 615 3252 in
653 3201 840 3266 Regno
874 3197 1139 3249 Parmensi
1161 3196 1234 3246 ad
1263 3192 1491 3244 cortices
1514 3190 1790 3240 arborum.
1845 3185 1967 3234 Var.
1999 3194 2048 3232 8.

169 3275 353 3325 iisdem
415 3275 468 3325 in
520 3272 649 3323 locis
695 3291 816 3322 cum
870 3269 1117 3339 genuinis
1157 3263 1532 3334 speciminibus
1575 3259 1766 3310 ibidem
1800 3252 2052 3308 lifartius

173 3346 411 3410 int-»enim
486 3363 658 3412 neque
686 3341 875 3393 nonin
928 3338 1218 3389 Provincia
1266 3333 1525 3385 Balziensi
1578 3339 1628 3381 et
1672 3329 1725 3378 in
1758 3325 1938 3384 JVlinis
1983 3322 2056 3372 ad

186 3416 379 3467 Villam
427 3413 650 3465 Riccam
709 3413 838 3482 legit
882 3409 1146 3460 Martius.
1219 3411 1306 3468 (V.
1336 3405 1522 3455 Vama.
1572 3397 1660 3469 sr.
1698 3403 1880 3449 Varia.
1935 3412 2057 3444 cum

177 3485 310 3606 egil.)
394 3484 458 3604 Ιῗ
507 3484 723 3535 corticis
778 3480 1068 3551 perzzviani
1113 3475 1366 3547 frustulo
1427 3472 1556 3542 legit
1605 3468 1750 3521 Frid.
1805 3467 1941 3517 Neres
1990 3464 2057 3513 ab

219 3555 471 3606 'seribecn
