2163 3852
213 141 317 190 212
807 136 1109 183 Licnmuzs.
1191 133 1493 185 Paean.

220 285 580 351 subintegris,
641 283 938 350 apotheciis
999 281 1127 333 rufis
1182 283 1418 350 margine
1466 300 1575 333 non
1622 280 1888 346 soliace03
1960 281 2086 331 dein

221 358 312 406 St.
368 355 709 411 dissecta,
765 370 899 421 quae
939 350 1090 401 thalli
1131 352 1421 402 substantia
1459 366 1511 403 et
1549 351 1758 412 colore,
1807 352 2087 419 formaque

216 425 530 474 laciniarum
565 422 788 489 propius
828 421 1051 482 accedit,
1092 420 1278 471 differt
1314 420 1460 470 thalli
1499 422 1668 470 minus
1702 421 1866 470 laceri
1903 437 2085 485 super·

217 493 340 543 {ieie
401 510 509 542 non
566 493 651 540 vel
700 492 786 542 vix
836 491 1211 547 scrobiculata,
1275 490 1569 557 apotheciis
1611 489 1791 538 rubris
1844 490 2084 556 margine

218 562 491 613 crenulato
540 561 627 609 vix
664 561 925 623 soliace03
977 561 1214 625 ejusdem
1269 579 1380 610 var.
1419 577 1740 618 corrosa,
1793 576 1926 626 quae
1962 574 2089 608 nos·
2130 577 2139 580 ·

217 645 330 680 trae
381 630 614 681 omnium
667 631 939 697 proxima.
1006 631 1199 678 iisdem
1245 628 1361 678 fere
1411 641 1469 678 ut
1524 629 1845 695 praecedens
1899 625 2088 678 differt

221 702 359 752 notis
403 712 456 750 et
492 700 730 767 margine.
765 701 1134 749 lacininiarum
1171 697 1452 748 fimbriato.

781 844 1007 890 SECTIO
1051 846 1153 888 Vll.
1212 846 1244 888 S
1263 845 1336 889 TI
1358 847 1392 890 C
1414 849 1449 889 T
1470 847 1523 889 A.

358 961 495 1008 Sect.
539 957 740 1016 Stieta‚
794 953 1008 1004 Schreb.
1051 953 1181 1004 Gen.
1229 954 1308 1020 pl.
1347 954 1419 1005 JI.
1475 976 1528 1022 ρ.
1568 957 1687 1022 768.

358 1054 524 1103 Sticta
562 1049 700 1100 Ach.
738 1047 919 1099 Meth.
960 1048 1083 1100 liclz.
1121 1070 1174 1118 p.
1215 1054 1332 1116 275.

355 1150 587 1204 Stictae,
649 1146 815 1211 ejusd.
866 1143 1196 1215 Liclzenogr.
1249 1147 1393 1196 ιιηίυ.
1460 1166 1516 1212 ρ.
1557 1145 1641 1198 86.
1705 1147 1813 1195 tab.
1870 1147 1922 1196 8.
1977 1139 2088 1209 fig.

431 1239 447 1266 ι
481 1219 617 1267 —8.
656 1247 725 1255 —-
785 1214 896 1266 Fe'e
937 1215 971 1265 l.
1010 1235 1054 1266 c.
1089 1235 1144 1284 ρ.
1185 1213 1401 1268 LXIV.
1458 1216 1564 1265 tab.
1698 1210 1792 1280 fig
1836 1217 1909 1266 18.
1967 1231 2092 1284 spe-

427 1288 537 1338 cies
570 1284 857 1353 plurimae.

352 1385 655 1450 Peltigerae
732 1394 785 1432 et
843 1383 1108 1433 Lobariae
1170 1394 1298 1434 sect.
1361 1381 1684 1432 Platismatis
1733 1374 1936 1449 Hoffm.
2001 1376 2086 1430 H.

425 1452 600 1502 Germ.
643 1453 872 1519 species·

350 1552 738 1614 Plectocarpon
778 1546 885 1596 Fe'e
924 1547 957 1596 l.
998 1565 1040 1595 c.
1077 1566 1129 1607 p.
1173 1550 1244 1599 15.
1304 1550 1412 1598 tab.
1455 1565 1501 1597 2.
1546 1541 1655 1615 fig.
1705 1548 1781 1597 15.
1839 1544 2087 1609 (Delisea

419 1619 586 1679 ejusd.
627 1617 661 1667 l.
701 1636 745 1671 C.
780 1637 834 1684 ρ.
871 1614 1019 1667 LX?
1036 1618 1121 1679 V.)

349 1715 614 1765 Lichenes
649 1714 886 1774 latifolii,
935 1711 1225 1764 I‘Valalenb.
1264 1710 1357 1762 Fl.
1397 1715 1547 1762 Sacc.
1598 1730 1652 1778 p.
1687 1712 1805 1762 821.
1839 1710 2082 1778 plurimi.

372 1811 619 1869 Thallus
665 1811 1063 1869 subc-oriacco
1083 1810 1444 1879 -foliaceus‚
1490 1808 2083 1878 laciniato—lobatUS,

215 1894 456 1974 saepius
493 1892 890 1961 adscendens,
939 1892 1148 1950 subtus
1188 1891 1345 1950 liber
1380 1891 1792 1970 lanuginosu5‚
1838 1889 2087 1970 cyphel-

211 1975 288 2033 lis
335 1972 742 2034 discoloribus
789 1975 1102 2052 inspersis

375 2082 678 2142 Scutcllae
721 2081 949 2138 ambitu
984 2081 1230 2144 liberae,
1279 2078 1773 2157 sulnnarginaleS,
1821 2077 2089 2136 subobli-

213 2186 384 2245 quac,
431 2165 604 2222 disco
641 2164 986 2222 rufesccnte
1030 2177 1088 2220 et
1124 2163 1479 2241 nigricante,
1516 2160 1794 2241 excipulo
1832 2159 2087 2219 subinde

211 2246 676 2305 subconcolore.

349 2370 590 2423 Adnot.
648 2370 829 2420 Sectio
871 2387 1121 2418 summam
1160 2368 1308 2417 thalli
1344 2369 1560 2419 soliacei
1595 2367 1957 2418 evolutionem
1996 2383 2085 2416 ex-

205 2440 416 2496 hibens,
457 2442 549 2509 qui
585 2441 774 2490 exinde
809 2440 891 2503 (ut
924 2439 1339 2505 Pyrenastri
1379 2452 1441 2488 et
1478 2436 1916 2488 Asu-othoni
1954 2436 2086 2486 thal-

210 2513 290 2558 lus
331 2513 662 2571 crustaceus)
705 2511 976 2560 coloribus
1010 2508 1406 2575 splendentibus
1447 2520 1696 2565 ornatus,
1749 2507 1937 2556 formis
1977 2506 2086 2555 suis

209 2580 656 2629 adscendentibus
687 2599 731 2629 v.
768 2598 809 2628 c.
851 2581 1118 2630 Stictac
1156 2578 1525 2637 silicinae,
1563 2576 1805 2627 frondem
1840 2576 1956 2624 fere
1983 2573 2085 2623 fili-

211 2666 329 2697 cum
367 2653 553 2699 rcl'ert.
627 2653 709 2699 De
761 2649 1156 2698 characteribus
1194 2648 1463 2716 genericis
1500 2647 1745 2695 refutatis
1785 2646 1883 2695 el'r.
1929 2662 2087 2711 snpra
2161 2667 2163 2671 ⁴

211 2719 390 2770 adnot.
431 2721 494 2768 ad
530 2720 745 2786 generis
791 2718 1169 2768 characterem.
1245 2717 1454 2766 Divisio
1494 2717 1748 2766 sectionis
1797 2714 2087 2764 secundum

212 2789 569 2855 cyphellarum
611 2790 846 2840 colorem
885 2790 1009 2837 satis
1046 2787 1296 2837 naturalis
1334 2798 1387 2836 et
1427 2787 1628 2836 stricta.
1663 2807 1745 2826 ·-—-·
1803 2786 2083 2834 Plecto-

214 2875 469 2925 carpon
520 2856 652 2908 Fce
692 2876 755 2908 cx
793 2859 945 2908 unica
985 2859 1164 2924 specie
1198 2855 1535 2906 efformatum
1574 2857 1641 2906 ob
1673 2855 1875 2905 discum
1909 2854 2083 2903 tuber-

214 2929 454 2977 culosum
507 2930 856 2996 scutellasque
905 2929 1121 2994 plicatas
1176 2944 1341 2994 genus
1394 2944 1574 2994 vagum
1617 2926 1854 2984 videtur,
1921 2923 2088 2972 ulter-

213 2999 319 3047 iori
360 2999 544 3047 saltem
593 3000 799 3066 indiget
849 2997 1255 3048 observatione:
1328 3014 1509 3064 margo
1560 2996 1807 3044 nimirum
1844 2993 2088 3043 scutella·

213 3086 332 3118 rum
383 3066 638 3118 foliaceus
688 3069 889 3118 divisus
941 3067 1173 3117 omnium
1213 3067 1327 3116 sere
1367 3067 1665 3132 specierum
1713 3066 1766 3113 in
1812 3063 2085 3130 juventute

213 3138 465 3205 plicatus,
520 3139 678 3188 immo
720 3138 968 3188 scutellae
1007 3139 1276 3204 integrae,
1332 3154 1464 3204 quae
1504 3137 1643 3185 inter
1682 3133 1906 3200 majores
1947 3143 2087 3194 sunt,

213 3207 297 3257 vel
336 3218 458 3256 ante
499 3225 747 3256 summam
782 3207 1222 3274 explicationem,
1264 3205 1345 3254 vel
1381 3217 1550 3256 aetate
1590 3217 1642 3255 et
1671 3205 1883 3253 luxurie
1922 3203 2088 3271 magis

214 3277 455 3328 minusve
492 3279 714 3344 plicatae
751 3288 1035 3344 apparent,
1103 3276 1240 3326 unde
1282 3275 1458 3325 discus
1513 3293 1724 3344 quoque
1773 3273 1997 3340 plicatus
2035 3282 2090 3322 et

212 3358 494 3413 punctatus
535 3365 572 3398 s,
614 3347 1013 3406 tuberculosus,
1067 3358 1123 3395 ut
1169 3348 1222 3394 in
1262 3348 1571 3395 Borrera
1625 3343 1862 3393 ciliari
1903 3342 2084 3402 Ach.,

212 3408 559 3467 Ramalina
634 3417 944 3467 fraxinea
1023 3415 1253 3481 ejusd,
1346 3415 1401 3463 in
1472 3413 1814 3464 Parmelia
1891 3429 2087 3462 erosa

215 3498 395 3537 nostra
437 3504 556 3536 mox
602 3487 867 3554 descripta
905 3486 1146 3554 aliisque.
1221 3486 1471 3534 Miramur
1519 3484 1740 3540 exinde,
1800 3486 2083 3532 Auctorem
