2163 3852
161 124 232 175 80
797 112 1098 162 Lmnmms.
1141 110 1406 163 Gnipms

156 269 285 324 lode
321 268 565 328 obtecta,
605 282 711 333 quo
763 262 974 312 demum
1029 263 1279 321 dotet-sn,
1329 261 1386 311 in
1419 270 1654 331 utroque
1691 260 1836 312 labio
1880 277 2042 327 supra

159 355 271 393 atra
324 340 520 399 nitida,
578 337 729 385 disco
793 343 1102 384 constanter
1147 330 1710 397 atho-pulverulento.
1786 326 2042 381 Per'ithc-

159 414 301 464 cium
327 407 576 478 generis,
616 404 731 453 basi
767 413 1096 460 truncatum,
1135 419 1511 469 nonnunquam
1549 404 1603 451 in
1644 401 1886 452 sectione
1917 418 2042 453 ver-

157 482 307 533 ticali
347 477 650 532 cordatum,
694 474 844 540 apice
890 472 1156 522 inferiore
1193 471 1497 522 deficiente.
1571 470 1684 523 Csr.
1723 471 1936 524 observ.
1977 469 2045 520 ad

158 555 540 615 Diorygma
576 544 1026 595 tinctorium.

303 634 502 687 Crescit
541 633 595 683 in
623 630 909 682 corticibus
939 628 1315 699 Rhizoplzorae
1359 626 1600 698 Mangle
1644 637 1695 678 et
1745 625 2049 695 Conocarpi

161 705 420 762 racemosi
442 722 614 773 prope
649 701 906 753 Balziam.

719 890 762 936 9.
806 891 1137 934 GnArrus
1181 889 1425 930 ΝΠΕΑ.
1471 877 1501 932 †

305 1020 400 1072 Gr.
433 1024 608 1066 crusta
655 1011 1157 1079 (hypophloeode‘3)
1208 1010 1354 1061 varia
1395 1003 1886 1072 albicio-pruinosa
1932 1017 2056 1052 cva-

162 1091 319 1151 nida,
360 1083 661 1155 apotheciis
705 1082 1215 1149 pseudo-sessilihus
1255 1076 1817 1145 oblongo-linearibus
1849 1072 2058 1140 magnis

163 1159 394 1228 turgidis
432 1153 774 1206 rectiusculis
809 1152 1128 1220 plerumque
1175 1150 1413 1210 obtusis,
1455 1146 1794 1213 simpiicibus
1839 1155 1893 1192 et
1929 1143 2055 1192 stel-

160 1227 568 1283 lulato-divisis
617 1235 769 1274 extus
821 1221 1281 1282 albo-farinosis,
1331 1219 1483 1269 disco
1521 1218 1648 1266 hinc
1679 1214 1943 1267 obvallato
1973 1211 2054 1263 ri·

166 1299 468 1353 maesormi.

301 1387 454 1438 Icon.
492 1382 585 1434 sel.
618 1390 872 1451 cryplog.
905 1379 1013 1429 tab.
1053 1399 1093 1430 1.
1117 1373 1227 1448 fig.
1258 1380 1308 1431 5.

309 1476 540 1544 Graphis
574 1474 760 1532 nivea,
803 1468 912 1520 Fe'e
942 1468 1108 1519 Esscu'
1139 1488 1198 1537 p.
1236 1477 1319 1536 ζμ).
1355 1464 1465 1515 tab.
1506 1456 1711 1529 12.fig.
1743 1460 1794 1513 3.

308 1586 373 1619 an
419 1566 580 1614 etiam
625 1560 856 1627 Graphis
902 1559 1128 1619 Afzehi,
1168 1556 1311 1607 Ach.
1354 1552 1490 1623 Syn.
1535 1571 1592 1621 ρ.
1630 1553 1715 1602 85.
1767 1545 1871 1598 Fe'e
1922 1545 1958 1598 l.
2012 1563 2059 1598 c.

371 1656 428 1704 p.
475 1636 560 1696 48.
602 1632 710 1680 tab.
753 1648 828 1680 12.
855 1624 967 1697 fig.
1003 1625 1082 1680 5?

310 1725 541 1792 Graphis
577 1720 957 1782 frumentaria,
1001 1716 1106 1767 Fe'e
1134 1716 1170 1768 l.
1211 1735 1257 1769 c,
1286 1735 1344 1785 p.
1375 1717 1462 1776 45.
1494 1711 1602 1763 tab.
1643 1730 1719 1762 ιο.
1745 1700 1858 1775 fig.
1893 1701 1965 1755 1?

311 1811 639 1882 Opegrapha
681 1810 946 1876 pruinam,
997 1805 1152 1857 I‘Veb.
1197 1815 1248 1856 et
1288 1803 1466 1855 Ilffolar
1507 1801 1739 1853 Archiv.
1773 1794 1821 1847 I.
1845 1813 1902 1864 ρ.
1946 1792 2060 1846 132.

384 1882 528 1933 Αειί.
559 1880 693 1949 Syn.
722 1899 778 1948 ρ.
811 1874 929 1943 74?

309 1974 529 2026 Thallus
589 1980 896 2021 crustaceus
959 1966 1013 2016 in
1073 1966 1321 2033 plurimis
1389 1965 1606 2034 quidem
1671 1964 2059 2034 speciminibus

172 2048 528 2100 ochroleucus
576 2040 743 2108 magis
797 2039 1036 2088 minusve
1088 2037 1554 2104 albo-pruinosus
1606 2036 1839 2086 subinde*
1876 2051 2062 2101 parum

135 2114 480 2175 ¹virescens,
536 2111 618 2162 vel
672 2112 1016 2168 i'uscescenS‚
1079 2119 1138 2156 ut
1184 2108 1248 2156 ad
1302 2106 1739 2173 Graphidem
1788 2105 2064 2156 Afzelii

172 2191 390 2240 citatam
421 2183 661 2241 accedat,
715 2180 808 2248 qui
853 2196 982 2230 vero
1031 2178 1183 2227 color
1232 2177 1352 2226 aliis
1404 2177 1496 2245 qui
1534 2177 1759 2226 eundem
1802 2176 2062 2226 corticem

173 2260 463 2326 obtegunt,
499 2251 802 2302 lichenibus
855 2266 884 2299 e
925 2247 1181 2297 Bahiae
1218 2250 1446 2314 regione
1483 2247 1721 2297 oriundis
1762 2245 2061 2296 communis

173 2330 398 2380 maxima
445 2335 599 2392 parte
650 2341 692 2375 aa
725 2320 928 2370 cortice
963 2319 1203 2385 pendere
1230 2319 1473 2377 videtur,
1505 2335 1676 2385 -quum
1715 2316 1903 2367 eadem
1939 2332 2071 2382 apo·

172 2399 352 2451 thecia
389 2397 445 2445 in
479 2394 684 2444 cortice
717 2390 1070 2440 fusco-luteo
1119 2405 1290 2455 prope
1326 2389 1594 2438 Maraca
1616 2405 1637 2434 s
1677 2387 1906 2437 oriundo
1942 2385 2065 2435 fere

173 2470 317 2521 nulla
347 2476 524 2518 crusta
562 2462 822 2532 gaudent,
871 2471 931 2509 ut
975 2460 1030 2507 in
1077 2458 1353 2525 prioribus
1404 2457 1786 2525 speciminibus
1833 2455 2069 2522 duplicis

176 2540 352 2590 adsint
394 2536 594 2586 indicia
621 2531 798 2590 thalli,
857 2530 950 2598 qui
982 2548 1047 2578 an
1081 2529 1286 2594 alienus
1323 2529 1392 2576 sit
1436 2547 1500 2578 an
1547 2528 1761 2593 spurius
1792 2543 1822 2577 e
1853 2525 2063 2576 cortice

177 2611 481 2668 coloratus,
540 2623 568 2655 e
607 2603 809 2652 nostris
858 2618 965 2649 non
1008 2610 1172 2665 patet.
1262 2599 1564 2663 Apothecia
1597 2596 2066 2656 innato-sessilia‚

180 2678 461 2746 europaeis
523 2673 722 2737 majora
782 2681 836 2720 et
891 2669 1188 2728 crassiora,
1256 2669 1352 2735 Op
1374 2667 1717 2735 egraphae
1777 2666 2068 2727 simillima,

180 2761 334 2801 extus
387 2766 414 2797 a
460 2756 627 2795 strato
673 2739 910 2790 thallode
955 2738 1301 2788 incumbente
1348 2739 1494 2799 alba,
1554 2739 1768 2788 tandem
1816 2753 1973 2804 supra
2010 2735 2071 2784 in

178 2834 409 2887 utroque
436 2816 577 2865 labio
618 2832 644 2861 a
690 2810 976 2861 substantia
1025 2809 1316 2875 perithecii
1361 2809 1624 2858 denudata
1670 2809 1841 2876 nigra.
1915 2805 2071 2855 Peri-

179 2889 415 2941 thecium
450 2894 756 2936 constanter
784 2880 1005 2930 laterale
1039 2879 1152 2929 basi
1181 2878 1467 2939 deficiens,
1507 2879 1827 2947 plerumque
1859 2892 2071 2926 sursum

183 2972 238 3011 et
275 2959 524 3008 deorsum
563 2966 861 3003 extrorsum
904 2949 1306 3018 introrsumque
1360 2950 1711 2998 incrassatum
1755 2947 1924 3012 (icon.
1956 2944 1992 2995 l.
2020 2963 2068 2996 c-

171 3025 281 3098 fig.
300 3030 364 3080 V.
381 3037 432 3089 4.
454 3029 544 3086 5.)‚
566 3026 774 3074 demum
799 3039 1002 3071 sursum
1025 3020 1318 3083 dilatatum,
1352 3020 1532 3069 discus
1546 3036 1681 3070 vero
1701 3038 1728 3067 a
1758 3028 1925 3068 strato
1943 3032 2075 3082 apo-

185 3099 351 3150 thecii
384 3096 648 3156 thallode‚
691 3111 797 3162 quo
833 3091 990 3141 initio
1028 3090 1274 3142 obtectus
1300 3128 1314 3154 ‚
1355 3091 1482 3141 dein
1530 3101 1836 3158 angustatus
1876 3087 2079 3141 rimae-‚

187 3169 394 3221 formiS.

326 3252 525 3306 Crescit
557 3251 629 3301 ad
643 3251 898 3301 arborum
930 3244 1182 3298 corticem
1203 3266 1374 3316 prope
1393 3245 1652 3309 Balciam,
1680 3239 1910 3310 confinis
1947 3242 2072 3306 Ver-

186 3327 436 3378 rucam'ae
471 3324 672 3372 nilidae
719 3331 768 3372 et
817 3319 1081 3386 Graplzidi
1135 3317 1425 3384 Commati,
1469 3318 1629 3368 etiam
1664 3334 1837 3385 prope
1870 3312 2073 3365 Mara·

188 3401 316 3464 eds5
346 3395 443 3462 (acl
473 3393 723 3443 corticem
764 3390 1069 3442 Cinclzonae
1101 3386 1257 3455 Fe'e.)

329 3489 377 3539 G
392 3504 435 3536 r.
500 3484 616 3536 niv
630 3500 658 3532 c
676 3500 702 3531 a
722 3518 734 3542 ‚
821 3497 891 3546 cy
906 3499 941 3529 n
957 3479 1024 3546 ip
1043 3497 1065 3528 s
1085 3495 1100 3542 3
1149 3478 1178 3530 †
1247 3488 1422 3527 crusta
1505 3493 1660 3529 ossea
1731 3471 2075 3525 nitidiuscula

190 3559 508 3612 ochroleuca
525 3590 538 3617 ,
597 3550 900 3622 apotheciis
966 3549 1175 3619 pseudo
1199 3582 1218 3592 -
1238 3548 1522 3599 sessilibus
1576 3545 1795 3598 minutis
1846 3543 2075 3612 turgidis
