2163 3852
586 149 800 199 Arcam.
874 146 1369 196 Srlunnococcvs.
1850 147 1920 199 39

178 303 233 353 S.
287 296 762 350 musciformis
782 331 796 358 ‚
873 293 1313 360 spinulosus‚
1394 292 1589 342 fronde
1654 291 1920 353 tenuiore,

40 372 243 441 ubique
287 366 706 420 ramulosissima
723 402 736 425 ‚
790 365 1011 415 ramulis
1053 364 1358 431 patentibus
1378 400 1390 424 ‚
1461 360 1702 429 apicibus
1751 362 1924 409 minus

44 443 298 494 distincte
333 438 540 490 falcatis
576 449 630 488 et
662 435 940 504 spinuloso
956 465 976 474 -
991 434 1274 484 ramulosis
1293 473 1306 496 ‚
1347 434 1529 483 colore
1566 430 1732 480 rubro
1751 467 1763 493 ‚
1804 431 1927 481 sub-

42 512 234 564 stantia
261 509 518 560 molliori.

178 603 357 651 Fucus
387 595 728 665 spinulosuS‚
767 591 902 661 Esp.
936 602 976 643 t.
1009 591 1099 654 34.

179 691 328 738 Haec
373 685 605 737 varietas
649 683 921 733 interdum
960 679 1163 747 amplos
1212 677 1358 728 sistit
1398 675 1662 744 caespites
1682 664 1706 738 ‚¹
1763 677 1926 726 ramis

45 758 366 810 densissime
402 754 653 823 implexis
682 753 1007 821 pulvinatos.

180 844 248 895 In
282 843 430 895 saxis
466 852 518 894 et
563 840 777 891 conchis
813 841 886 889 ad
927 834 1425 904 Sebastianopolin,
1495 830 1832 901 Soteropolin
1878 844 1930 884 et

45 914 178 1037 pli-bi
216 933 314 966 nos
348 913 451 984 ipsi
486 912 786 963 invenimus
824 921 875 961 et
927 908 997 960 cl.
1035 909 1099 958 de
1139 905 1445 968 Clzamisso,
1504 902 1748 972 Beyriclz
1768 943 1784 969 7
1845 902 1931 954 Ti-

68 1004 222 1037 estus-

360 1100 429 1142 15·
487 1098 1129 1140 SPHAEROCOCGUS
1187 1092 1550 1133 DUMOSUS.
1581 1087 1611 1139 †

192 1194 248 1244 S.
302 1188 499 1240 fronde
554 1186 1006 1254 subcartilaginea
1051 1183 1214 1234 tereti
1259 1179 1503 1232 filiformi
1553 1178 1934 1238 ramosissima,

47 1262 212 1314 ramis
250 1260 501 1319 alternis,
573 1257 791 1307 ramulis
839 1255 1042 1306 ultimis
1081 1252 1344 1304 confertis
1379 1251 1466 1301 vel
1510 1248 1936 1300 subfasciculatis

51 1332 288 1392 obtusis,
355 1329 656 1397 sporangiis
696 1325 1043 1379 creberrimis
1075 1320 1521 1390 ovato-globosis
1559 1320 1614 1368 in
1650 1316 1813 1367 ramis
1852 1337 1936 1368 ra-

49 1403 319 1470 mulisque
357 1399 657 1450 sessilibus.

187 1493 365 1541 Fucus
395 1487 648 1554 dumosus
667 1522 679 1545 ‚
731 1479 906 1533 Mert.
937 1481 992 1531 in
1026 1479 1127 1530 litt.

185 1577 388 1629 Basis
419 1576 709 1626 incrassata
728 1609 742 1635 ‚
783 1572 996 1631 callosa,
1036 1570 1289 1620 emittens
1316 1564 1475 1617 fibras
1504 1564 1785 1616 nonnullas
1817 1563 1940 1614 sub—

55 1649 298 1700 dentatas
331 1657 420 1697 aut
450 1645 743 1712 simplices.
835 1646 1056 1693 Frons
1091 1653 1301 1698 erecta,
1352 1649 1464 1693 tres
1495 1635 1559 1685 ad
1591 1654 1681 1686 sex
1711 1634 1940 1702 pollices

51 1721 185 1781 alta,
243 1717 542 1782 filiformis,
595 1717 698 1764 ima
730 1713 846 1763 basi
891 1713 978 1764 vix
1012 1727 1241 1778 pennam
1274 1708 1509 1757 merulae
1560 1707 1804 1756 crassitie
1853 1722 1940 1754 ae-

55 1808 250 1860 quans,
306 1787 587 1837 altitudine
620 1785 811 1852 unguis
843 1782 930 1833 vel
958 1782 1175 1850 pollicis
1202 1779 1428 1830 indivisa
1448 1815 1460 1839 ,
1518 1776 1642 1826 dein
1675 1777 1730 1825 in
1762 1792 1939 1824 ramos

54 1862 237 1929 plures
283 1859 615 1908 subalternos
666 1864 1151 1919 erecto-patentes
1199 1851 1401 1900 abiens,
1491 1847 1680 1897 Rami
1725 1845 1939 1895 inferne

58 1929 414 1981 subdenudati
459 1940 546 1978 aut
586 1925 820 1975 ramulos
861 1926 1054 1974 breves
1101 1919 1476 1985 subsimplices
1512 1918 1791 1978 emittens,
1856 1934 1943 1965 su-

59 2018 226 2070 perne
252 1998 449 2049 comati
475 1996 694 2047 ramulis
719 1994 1021 2044 numerosis
1051 1993 1210 2062 atque
1231 1986 1948 2042 subfasciculatimramulo-

63 2073 166 2133 sis,
221 2070 442 2119 ramulis
473 2065 625 2118 hisce
668 2066 872 2115 ultimis
909 2064 1097 2115 divisis
1142 2073 1301 2130 atque
1347 2060 1616 2108 interdum
1657 2056 1948 2124 fastigiatis

61 2141 286 2193 obtusis.
375 2137 769 2205 Sporangia
816 2134 1035 2192 crebra,
1103 2133 1159 2182 in
1200 2131 1418 2180 ramulis
1452 2128 1654 2178 ultimis
1690 2138 1849 2195 atque
1893 2127 1947 2174 in

57 2212 218 2263 ramis
249 2228 455 2276 sparsa,
491 2208 730 2258 lateralia
750 2243 762 2265 ‚
801 2205 1069 2265 solitaria,
1121 2214 1277 2253 ovato
1293 2231 1315 2240 -·
1332 2201 1556 2269 globosa
1590 2211 1677 2248 aut
1704 2197 1948 2264 globosa,

59 2281 270 2332 ratione
297 2280 461 2328 totius
490 2278 674 2344 stirpis
708 2276 1014 2342 majuscula,
1054 2275 1267 2324 tandem
1286 2273 1438 2336 apice
1463 2269 1765 2336 rumpentia
1791 2278 1950 2334 atque

61 2340 311 2402 nucleum
359 2348 715 2417 gelatinosum
760 2345 1054 2395 eructantia
1093 2342 1543 2410 gongyloruln
1575 2336 1951 2404 pyriformium

61 2421 478 2487 majusculorum
524 2428 577 2467 et
617 2432 773 2466 muco
818 2415 1084 2481 diaphano
1135 2413 1452 2461 cinctorum.
1564 2408 1729 2459 Color
1782 2407 1948 2456 totius

63 2493 272 2560 plantae
298 2489 466 2538 dilute
495 2502 922 2554 purpurascens;
983 2480 1369 2535 marcescentis
1406 2477 1623 2528 sordide
1654 2476 1949 2528 flavescens

62 2574 150 2614 aut
183 2557 879 2612 flavescenti-fuscescens.
973 2552 1280 2605 Substantia
1310 2549 1449 2599 haud
1493 2548 1567 2598 ita
1605 2545 1955 2598 duro-carti-

67 2633 291 2701 laginea.

207 2717 274 2768 In
314 2716 421 2766 oris
456 2712 732 2765 Bra-§iliae
769 2709 1165 2774 meridionalis,
1215 2708 1357 2759 inter
1393 2703 1860 2774 Sebastianopolin
1900 2712 1951 2752 et

68 2787 437 2857 Soteropclin:
489 2784 671 2835 Illust.
710 2781 895 2836 Ρνίηε.
924 2778 1354 2831 Maximilianus
1394 2775 1714 2829 PWedensis.
1801 2772 1951 2824 Com-

70 2857 367 2913 municavit
411 2854 477 2906 cl.
517 2853 790 2905 Mertens.

287 2973 355 3022 14.
414 2972 1048 3012 SPHAERococcUs
1103 2967 1657 3007 Micnococcus.
1689 2958 1719 3010 †

214 3066 269 3115 S.
304 3062 498 3113 fronde
539 3061 686 3110 tenui
721 3058 1070 3126 cartilaginea
1102 3055 1262 3106 tereti
1296 3052 1540 3104 filif'ormi
1575 3049 1953 3108 ramosissima‚

73 3135 234 3188 ramis
270 3133 449 3201 vagis,
508 3131 727 3182 ramulis
772 3129 975 3179 ultimis
1023 3124 1304 3177 subbifidis
1354 3123 1773 3190 subfasfigiaffis,
1830 3135 1954 3185 spo·

76 3205 278 3274 rangiis
315 3201 651 3269 subglobosis
691 3199 981 3259 solitariis,
1042 3194 1325 3265 geminatis
1362 3206 1451 3244 aut
1494 3195 1811 3261 plerumque
1846 3202 1955 3240 ter-

73 3277 212 3328 natis
248 3274 351 3324 toti
387 3272 604 3332 frondi,
644 3268 985 3338 frequentius
1012 3266 1234 3316 ramulis
1263 3265 1545 3332 inspersis.

211 3366 387 3414 Fucus
419 3361 817 3418 micrococcus‚
857 3354 1034 3406 Mart.
1067 3354 1121 3404 in
1153 3352 1260 3404 litt.

217 3455 392 3503 Frons
411 3449 608 3507 tenuis,
627 3446 908 3515 pulchella‚
924 3445 1113 3495 habitu
1132 3443 1284 3512 quasi
1300 3442 1340 3492 C
1356 3440 1444 3490 all
1459 3441 1511 3491 it
1524 3440 1558 3490 h
1575 3459 1601 3489 a
1615 3456 1666 3488 m
1679 3436 1795 3486 nio
1808 3453 1840 3482 n
1869 3441 1958 3482 aut

82 3524 124 3574 C
141 3539 169 3572 e
184 3539 211 3570 r
229 3541 255 3571 a
268 3539 315 3571 m
332 3522 393 3569 iu
409 3538 461 3568 m
488 3519 733 3568 referens
749 3556 760 3575 ,
802 3517 935 3566 duos
969 3515 1033 3565 ad
1059 3525 1288 3583 quatuor
1313 3511 1542 3579 pollices
1573 3510 1686 3557 alta.
1761 3509 1804 3553 B
1822 3523 1846 3552 a
1865 3503 1919 3551 si
1935 3519 1957 3550 s

82 3604 334 3646 constans
373 3588 525 3640 fibris
571 3588 844 3640 nonnullis
885 3585 1140 3638 brevibus
1182 3582 1450 3650 expansis.
1540 3575 1773 3630 Frondis
1816 3572 1957 3623 basis
