2163 3852
136 105 242 155 102
693 93 1016 144 nicanum:
1068 93 1470 146 Letoon-ami

157 251 330 308 disco
370 242 1032 330 plano-canaliculato,
1077 243 1321 324 juniore
1360 242 1838 316 tanido-velato,
1879 265 2040 304 mar·

156 331 400 411 ginibus
444 323 658 404 (albis)
690 325 1156 384 confluentibus,
2094 339 2099 344 ’

301 428 547 479 Adnot.
623 425 935 475 Sectione‘m
973 437 1125 475 antea
1147 440 1248 490 pro
1266 439 1467 492 genere
1487 423 1868 484 distinxeram,
1904 432 2045 473 mar-

161 501 313 568 gines
364 495 773 563 apotheciorum
834 494 1498 560 subido-pulverulentos
1551 492 1887 544 confluentes
1939 509 2042 562 pro

170 579 426 620 stromate
479 563 1037 630 Glyphidearum
1100 563 1405 631 accipiens,
1455 583 1485 615 a
1538 562 1893 631 Glyphide
1949 578 2045 632 ge-

163 656 294 688 nere
345 653 476 686 vero
534 634 855 702 peritheciis
919 634 1059 683 infra
1117 631 1493 684 deficientibus
1546 633 1902 702 distinguens.
1973 635 2045 683 Et

150 712 321 765 'vero‚
378 707 424 756 si
472 705 656 772 plures
708 703 973 773 quondam
1026 703 1347 771 deteguntur
1397 703 1639 771 species,
1694 702 1819 752 huic
1857 701 2047 752 distin-

151 777 336 827 'ctioni
372 774 523 829 valor
561 775 782 825 subesse
831 784 1048 841 potest,
1106 789 1225 823 cum
1276 791 1433 825 omne
1482 771 2045 840 Glyphidearum

165 859 365 896 stroma
405 863 436 896 e
471 845 769 914 marginum
809 843 1040 910 plurium
1078 839 1402 895 collectione
1441 854 1615 895 ortum
1654 841 1836 902 ducat,
1873 842 2050 892 tenui·

162 918 242 967 'tas
278 916 403 966 dein
439 915 559 965 talis
601 914 870 965 stromatis
913 914 968 962 in
1006 914 1366 964 Medusula
1417 930 1447 964 e
1500 912 1762 964 tenuitate
1811 911 2052 979 perithe-

166 988 377 1039 ciorum
415 984 556 1034 infra
596 982 964 1034 deficientium
1002 983 1237 1051 pendere
1274 984 1466 1052 possit.

306 1073 586 1140 Siquidem
610 1109 625 1133 ‚
662 1070 762 1121 hac
800 1072 1151 1122 distinctione
1188 1072 1442 1140 gener-ica
1480 1070 1676 1122 omissa
1693 1105 1709 1132 ‚
1759 1069 2055 1138 analogiam

167 1161 520 1212 sequeremur
574 1142 629 1191 in
682 1142 981 1205 Systcmate
1030 1153 1217 1192 nostro
1263 1142 1599 1208 propositam
1615 1177 1630 1202 ,
1683 1151 1807 1206 post
1855 1157 2054 1208 genera

167 1215 637 1264 Leiorreuma
676 1223 731 1261 et
767 1211 1205 1261 Lecanactin
1235 1211 1572 1277 conjuncta,
1629 1209 2053 1278 Glyphidea-

168 1302 199 1335 r
216 1302 313 1334 um
350 1299 566 1352 quoque
607 1281 826 1348 analoga
871 1284 926 1330 M
946 1298 974 1330 e
993 1280 1024 1329 d
1039 1300 1072 1329 u
1087 1299 1109 1330 s
1126 1281 1186 1329 ul
1206 1298 1235 1330 a
1273 1291 1327 1330 et
1363 1282 1411 1332 G
1430 1280 1487 1346 ly
1503 1280 1587 1347 ph
1605 1279 1622 1328 i
1641 1297 1664 1328 s
1715 1279 2048 1348 conjungen-“-

168 1356 234 1405 da
273 1364 455 1404 essent
473 1389 486 1412 ,
537 1351 593 1401 id
632 1352 775 1420 quod
811 1351 911 1400 cel.
951 1355 1006 1400 M
1024 1368 1051 1400 e
1068 1368 1098 1417 y
1115 1367 1186 1401 er
1202 1370 1234 1400 u
1254 1368 1276 1400 s
1296 1387 1310 1413 ,
1346 1353 1400 1399 M
1419 1366 1446 1398 e
1466 1351 1548 1400 du
1565 1349 1775 1399 sul'am
1813 1361 2051 1401 nostram

166 1426 216 1477 A
233 1443 255 1475 s
272 1436 292 1474 t
309 1441 337 1474 e
357 1442 383 1472 r
401 1423 455 1472 is
470 1439 498 1474 c
515 1441 543 1472 a
558 1439 586 1471 e
626 1440 749 1472 suae
791 1421 1103 1471 adscribens
1120 1458 1133 1482 ‚
1173 1420 1527 1489 perpendisse
1566 1420 1797 1472 videtur.

308 1515 458 1563 Haec
505 1528 673 1571 vero,
730 1509 903 1559 donec
955 1509 1361 1561 observationes
1399 1508 1691 1560 ulteriores
1728 1507 2055 1569 deciderint,

173 1600 349 1652 neque
388 1601 454 1633 ex
490 1581 647 1631 unica
700 1591 884 1630 nostra
936 1581 1122 1646 specie
1177 1580 1449 1630 nonnullis
1501 1578 2059 1646 Graphidearum

174 1653 475 1721 apotheciis
524 1652 853 1701 radiantibus
918 1651 1080 1700 nimis
1135 1649 1290 1699 affini
1341 1667 1509 1719 genus
1562 1648 1832 1712 condere,
1882 1664 2061 1718 neque

176 1723 398 1774 eandem
453 1738 571 1771 cum
622 1719 976 1786 Glyphide
1028 1720 1362 1788 conjungens
1409 1720 1514 1771 hoc
1549 1736 1721 1789 genus
1753 1719 1931 1770 minus
1966 1735 2062 1770 vo·

173 1793 251 1845 lui
287 1791 515 1844 reddere
554 1789 1038 1856 circumscriptum.

471 1961 542 2002 13.
588 1965 1095 2002 LEIOGRAMMA
1151 1964 1694 2002 ISABELLINUM.
1733 1951 1766 2004 †

314 2082 375 2129 L.
426 2090 604 2130 crusta
657 2079 915 2145 laevigata
963 2076 1289 2128 ochroleuca
1349 2076 1711 2137 subrubeum,
1768 2073 2067 2142 apotheciis

180 2150 427 2201 radiatim
464 2149 736 2217 congestis
773 2148 1046 2216 bifideque
1081 2147 1342 2208 ramosis,
1384 2148 1536 2198 disco
1577 2147 1940 2197 canaliculato·

321 2236 470 2305 Syst.
498 2234 657 2287 Lich.
701 2235 736 2287 l.
779 2254 824 2288 c.
868 2264 932 2271 —
974 2234 1123 2286 Icon.
1160 2235 1256 2288 sel.
1291 2244 1546 2305 cryptog.
1578 2235 1690 2286 tab.
1728 2233 1820 2285 Vl.
1850 2226 1961 2301 fig.
1989 2230 2065 2283 ll.

396 2327 439 2359 1.
472 2325 525 2358 a.

322 2396 541 2448 Thallus
579 2406 916 2458 crustacens,
979 2396 1036 2446 in
1088 2395 1273 2460 priore
1320 2396 1442 2446 loco
1492 2395 1654 2445 natali
1702 2393 2065 2455 tenuissimus,

185 2469 302 2519 fere
339 2467 630 2518 laminosus
654 2503 667 2528 ‚
706 2478 762 2515 ut
798 2485 896 2533 pro
933 2465 1346 2534 hypophloeode
1381 2465 1669 2525 haberem,
1719 2464 1776 2512 ni
1826 2464 1976 2515 color
2011 2464 2069 2513 in

184 2551 414 2606 utroque
465 2537 590 2587 loco
652 2537 815 2585 natali
873 2549 1057 2587 exacte
1112 2537 1254 2587 idem
1312 2536 1572 2599 esset;*)
1628 2535 1683 2584 in
1737 2535 1905 2584 altero
1945 2524 2101 2584 dein'

184 2610 308 2659 loco
358 2607 483 2657 huic
539 2607 867 2657 conveniens
919 2606 1042 2667 (cfr.
1082 2625 1239 2672 supra
1287 2605 1401 2656 obs,
1440 2624 1491 2672 p.
1532 2606 1672 2668 63.);
1723 2604 1779 2653 in
1815 2615 2068 2673 utroque,

183 2679 308 2728 dum
361 2677 576 2743 junior,
630 2692 750 2724 cum
799 2676 1096 2743 apotheciis
1157 2675 1356 2725 leniter
1402 2674 1955 2741 alludo-pruinosus,
2012 2674 2070 2724 in

184 2746 420 2798 confinio
481 2745 706 2795 subinde
775 2746 1347 2813 nigro-marginatus,
1409 2745 1536 2794 alias
1595 2744 2065 2795 albido—zonatus.

182 2817 482 2883 Apothecia
518 2815 731 2881 juniora
768 2815 1141 2883 angustissima
1181 2815 1383 2872 albida,
1443 2815 1568 2865 dein
1606 2826 1754 2875 atra,
1795 2815 1878 2865 vel
1917 2815 2071 2881 plura

181 2887 411 2937 collecta
447 2886 615 2952 magis
665 2886 909 2946 minusve
949 2897 1135 2936 centro
1175 2884 1530 2947 confluentia,
1582 2887 1668 2935 vel
1726 2885 1932 2952 singula
1982 2902 2069 2934 ra-

185 2957 371 3007 diatim
427 2973 669 3016 ramosa,
726 2956 943 3006 ramulis
994 2955 1283 3018 flexuosiS,
1333 2972 1519 3006 comae
1574 2955 1638 3007 ad
1687 2956 1924 3023 speciem
1977 2971 2067 3005 ex·

238 3223 286 3275 ³⁸)
315 3220 574 3271 Dolemus,
621 3215 943 3264 *brasilicnses
996 3218 1203 3262 cortices
1256 3218 1627 3278 quamplurimos
1666 3233 1787 3278 quos
1831 3217 2075 3271 babemus,

325 3276 561 3334 imprimis
601 3277 829 3319 arborum
870 3275 1349 3333 sempervirentium‚
1389 3276 1658 3319 lichenibus
1692 3278 1908 3341 integros
1941 3275 2076 3318 obte-

326 3342 428 3376 ctos
457 3345 584 3384 esse,
616 3341 669 3375 ut
696 3331 1008 3389 epidermidis
1051 3340 1197 3375 status
1226 3340 1428 3388 vegetus
1470 3332 1661 3389 saepius
1694 3345 1888 3374 omnino
1911 3331 2073 3374 lateat.

322 3388 549 3432 Viatores
593 3388 674 3447 qui
716 3388 777 3442 ab
816 3388 926 3431 hinc
953 3389 1176 3446 regiones
1214 3389 1427 3444 tropicas
1455 3388 1762 3447 peragraturi
1786 3396 1919 3439 sunt,
1950 3401 2077 3445 mag-

325 3458 516 3502 nopere
539 3457 813 3495 monemus,
846 3454 899 3487 ut
928 3459 1033 3487 cum
1061 3443 1230 3501 quovis
1262 3444 1450 3487 lichene
1478 3444 1737 3488 frustulum
1765 3443 1962 3487 corticis
1992 3457 2077 3486 nu-

331 3500 380 3544 di
395 3499 663 3560 colligant,
693 3499 959 3560 seduloque
988 3515 1094 3546 cum
1123 3515 1181 3545 eo
1210 3507 1474 3545 asservent.
