2163 3852
157 228 229 281 20
885 223 1090 274 ALGAn.
1164 224 1338 275 ΕΗΔ.

320 376 566 432 Frons
600 373 1083 444 membranacea,
1128 375 1487 455 aequabiliS,
1523 370 1741 456 (saepe
1772 376 2046 456 estipita-

158 469 244 525 ta,
290 455 502 516 evenia
531 469 592 513 et
634 458 960 533 ecostata,)
1006 458 1192 538 plana
1233 472 1335 515 aut
1377 457 1574 515 rarius
1612 457 1916 527 tubulosa,
1959 458 2047 519 vi-

159 537 348 607 ridis,
393 537 568 595 fusca
609 537 704 595 vel
746 558 1233 619 purpurasce115‚
1281 539 1569 598 laciniata
1610 561 1944 599 ramosave.

298 636 396 687 Oh
417 651 590 686 serv.
679 639 913 703 Sporae,
969 656 1104 706 quae
1154 639 1207 686 in
1249 637 1534 706 superficie
1571 638 1823 690 Ulvarum
1861 637 2048 688 obser·

155 717 377 767 vantur,
418 704 591 755 forma
618 724 775 774 quam
812 709 1038 758 maxime
1074 708 1358 758 variabiles
1380 746 1393 770 ,
1429 723 1570 758 nunc
1597 708 1871 777 globosae,
1905 723 2048 756 nunc

157 776 446 845 quadratae
489 788 579 826 aut
623 777 1001 845 irregulariter
1049 779 1365 846 aiigulosac,
1422 798 1484 828 cx
1523 781 1787 844 ipsarum,
1852 778 2045 845 quibus

156 857 271 897 tota
308 845 473 912 stirps
512 849 883 914 componitur,
949 849 1260 898 cellularum
1310 848 1597 915 superficie
1647 849 1824 897 media
1862 865 2049 897 excer-

156 927 359 966 nuntur
411 927 570 985 atque
619 931 769 968 certo
818 917 1053 987 denique
1104 920 1275 968 stadio
1329 919 1614 979 decidunt,
1685 917 2046 967 membranam

157 999 283 1038 tunc
319 986 725 1037 subtilissimam
754 987 1179 1056 diaphanamque
1211 989 1610 1058 relinquentem,
1652 1005 1786 1057 quae
1810 987 2047 1054 ipsarum

155 1056 385 1106 materie
438 1057 712 1107 colorante
764 1070 917 1107 antea
969 1059 1230 1127 quasiin
1282 1062 1487 1110 areolas
1538 1061 1708 1110 divisa
1746 1058 2039 1110 videbatur,

156 1129 293 1177 Sunt
344 1143 472 1175 vero
524 1127 643 1174 aliis
695 1128 983 1193 speciebus
1033 1129 1251 1179 omnino
1301 1130 1676 1198 irregulariter
1714 1128 2047 1196 maximaque
2122 1163 2125 1167 -

153 1196 311 1264 copia
353 1197 660 1263 inspersae,
711 1197 832 1246 aliis
872 1198 990 1263 plus
1029 1198 1203 1247 minus
1240 1202 1564 1266 regulariter
1600 1211 1759 1269 atque
1795 1209 1923 1247 tunc
1961 1209 2050 1247 aut

151 1284 307 1317 soros
341 1266 613 1332 ellipticos
645 1268 979 1318 constituunt
1003 1280 1115 1328 aut,
1154 1268 1515 1335 dispositione
1545 1279 1871 1339 quaternate,
1910 1267 2046 1336 figu-

160 1354 276 1400 ras,
318 1355 447 1407 quas
486 1337 552 1388 cl.
591 1337 867 1406 Agardb
903 1338 1128 1389 bacillos
1166 1350 1340 1392 vocat.

739 1455 781 1494 l.
849 1457 1034 1494 ULVA
1092 1458 1452 1497 LACTUGA.

291 1529 359 1580 U.
408 1527 603 1578 fronde
647 1527 813 1579 viridi
863 1531 1270 1582 membranacea
1306 1532 1391 1583 vel
1429 1528 2046 1600 gelatinoso·membra-

147 1613 312 1649 nacea
350 1598 574 1649 obovata
611 1598 863 1650 undulata
897 1601 1410 1671 laciniam-crispa,
1451 1601 1662 1652 demum
1694 1601 1926 1669 oblonga
1959 1600 2047 1654 vel

150 1668 444 1720 orbiculari
484 1668 758 1720 latissima.

288 1757 421 1810 Ulva
479 1759 744 1895 LJctuca,
805 1754 977 1812 Linn.
1038 1758 1155 1830 Ag.
1211 1757 1362 1829 Spec.
1414 1757 1463 1810 I.
1515 1768 1640 1826 4⁰9·
1705 1755 1850 1810 Dill.
1903 1755 2044 1810 Hist.

359 1836 395 1877 t.
434 1829 484 1878 8.
552 1865 564 1879 .
610 1847 652 1878 ι.

285 1893 532 1947 Stadium
581 1896 832 1949 adultum
880 1898 1022 1950 sistit
1067 1901 1255 1954 Ulvam
1302 1900 1616 1952 latissimam
1665 1908 1950 1949 auctorum
1989 1908 2042 1949 et

151 1964 398 2035 Agardlz.
453 1964 490 2016 S
530 1985 604 2019 eo.
633 1966 678 2017 I.
706 1980 828 2031 407.
892 1967 1042 2039 Syst.
1091 1974 1206 2023 188.
1256 1968 1391 2039 Esp.
1451 1969 1578 2022 Ula.
1616 1979 1651 2019 t.
1699 1991 1739 2020 ι.
1799 1968 2040 2019 Cinnani

147 2034 250 2105 Op.
283 2047 425 2107 post.
502 2075 514 2089 .
558 2047 593 2088 t.
632 2038 715 2090 23.
761 2035 806 2105 s
846 2041 933 2103 54.
983 2049 1034 2090 et
1077 2041 1248 2111 probe
1294 2040 1730 2110 distinguendam
1782 2040 1850 2090 ab
1906 2040 2038 2092 Ulva

142 2106 403 2158 latissima
447 2105 715 2173 Linnaei,
789 2128 930 2177 qaae
981 2113 1119 2163 Fuci
1161 2111 1462 2163 saccharini
1513 2111 1748 2177 ejusdem
1798 2109 2038 2161 auctoris

141 2185 219 2227 est
258 2178 485 2229 varietas
522 2180 746 2242 bullata,
786 2180 851 2230 de
888 2200 998 2249 qua
1037 2179 1140 2252 qfr.
1189 2180 1355 2232 Turn.
1397 2180 1533 2231 Hist.
1575 2179 1689 2232 III.
1729 2201 1813 2248 7¹·

275 2268 474 2317 Basis
507 2285 698 2335 parva,
755 2281 987 2334 scutata,
1028 2271 1245 2322 tandem
1280 2272 1586 2323 obliterata.
1654 2273 1835 2322 Fron
1856 2288 1877 2318 s
1914 2270 2036 2320 sub·

137 2338 366 2387 stantiae
397 2339 835 2403 membranaceae
865 2351 1086 2392 tenerae
1123 2341 1283 2393 facile
1322 2341 1630 2399 laceranda,
1690 2342 1812 2391 dum
1852 2340 2036 2408 junior

136 2407 637 2477 magisogelatinosa
670 2421 722 2482 et
746 2410 1006 2473 viridior,
1061 2413 1238 2463 adulta
1271 2431 1430 2480 saepe
1464 2411 1726 2479 expallida
1755 2425 1841 2460 aut
1871 2409 2033 2461 ssavo·

135 2476 433 2598 Eiresicens.
526 2480 790 2548 Sporae
835 2482 1260 2546 minutissimae,
1324 2484 1421 2534 sub
1467 2483 1826 2532 maturatione
1870 2480 2031 2530 facile

177 2563 259 2598 ecl
302 2560 472 2600 entes.

273 2632 342 2685 In
381 2634 563 2686 littore
601 2634 833 2704 Oceani,
887 2638 1208 2708 praesertim
1256 2639 1310 2690 in
1349 2658 1494 2708 aqua
1526 2637 1748 2707 placida
1785 2637 2027 2705 snbstag-

133 2713 324 2770 nante,
373 2705 595 2776 passim.
632 2705 993 2760 Radt’cantem
1040 2711 1094 2760 in
1135 2707 1535 2779 Sphaerococco
1587 2706 1920 2778 triangulari
1957 2707 2025 2757 le-

135 2773 314 2843 gimus
350 2776 404 2826 in
439 2786 607 2846 portu
647 2774 1083 2850 Soteropolitano
1122 2782 1192 2833 cl.
1232 2777 1434 2832 Sellow
1474 2790 1522 2831 et
1562 2798 1683 2849 ego.

694 2897 736 2937 2·
795 2901 983 2940 ULVA
1026 2901 1464 2939 LACINIATA.

264 2969 328 3017 U.
365 2966 559 3019 fronde
597 2989 868 3039 purpurea
900 2974 1305 3026 membranacea
1341 2974 1496 3042 plana
1532 2970 1802 3040 profunde
1847 2980 1901 3020 et
1945 2987 2028 3022 va·

130 3034 216 3087 rio
253 3037 416 3087 modo
444 3040 729 3104 laciniata,
768 3043 982 3095 laciniis
1016 3046 1303 3096 undulatis.

267 3124 381 3195 Ag.
420 3123 569 3193 Spec.
604 3127 650 3181 I.
689 3134 810 3192 405.
859 3129 1008 3201 Syst.
1052 3152 1167 3202 ¹90·

266 3214 575 3267 Substantia
606 3218 816 3270 frondis
849 3233 1066 3283 tenera,
1107 3223 1314 3274 derasis
1344 3222 1522 3289 sporis
1543 3259 1555 3283 ‚
1608 3237 1743 3289 quae
1777 3218 1832 3268 in
1870 3234 2022 3269 areo-

123 3281 202 3333 las
235 3284 387 3335 vario
429 3287 588 3338 modo
623 3291 844 3342 seriatas
877 3295 1237 3361 quaternatim
1270 3292 1548 3344 confertae
1581 3301 1719 3350 sunt,
1754 3289 1873 3338 fere
1911 3289 2022 3338 dia-

121 3352 296 3420 phana
330 3371 451 3406 cum
478 3360 713 3424 pauxillo
745 3362 895 3412 rubri
931 3364 1132 3414 coloris
1165 3375 1253 3414 aut
1295 3380 1465 3414 rosea.
1565 3364 1831 3430 Sporae
1871 3358 2021 3425 ipsae

125 3422 416 3486 obscurae,
484 3428 873 3497 subquadratae
916 3445 970 3483 et
1011 3434 1169 3484 binae
1205 3445 1352 3484 arcte
1400 3430 1754 3484 confluentes.
1859 3428 2020 3478 Sori

126 3509 409 3559 sporarum
437 3497 795 3566 elliptioarum
822 3503 1243 3571 gelatinosarum
1281 3522 1470 3571 parum
1498 3500 1695 3553 elevati
1728 3499 1899 3566 sparsi
1933 3516 2019 3548 su·

125 3577 223 3630 pra
259 3583 445 3633 sporas
475 3568 769 3638 simplices.

263 3649 420 3706 Inter
451 3656 835 3722 rejectamenta
870 3660 1038 3714 maris
1068 3679 1242 3730 prope
1277 3658 1703 3729 IlIaragnanum
1740 3658 1978 3711 inventa.
