2163 3852
743 171 956 221 ALGAE.
1046 172 1248 221 Fucus.
1866 183 1934 233 43

52 326 345 394 pollicares
416 321 742 390 regulariter
807 331 862 370 et
917 320 1721 388 subpectinato-pinnatifid0s‚
1758 328 1936 391 pinnis

54 393 389 447 secundariis
428 410 468 441 s.
514 392 724 441 laciniis
763 390 1058 440 linearibus
1097 390 1302 440 obtusis
1341 404 1428 441 aut
1477 396 1813 457 rotundatis,
1875 399 1940 446 li-

54 484 209 516 neam
238 480 394 514 unam
414 481 464 514 v.
489 461 765 511 dimidiam
793 461 914 510 latis
941 470 1101 527 atque
1131 461 1189 508 in
1211 461 1466 513 lacinulas
1504 463 1735 514 lineares
1771 484 1940 534 oppo-

57 537 184 585 sitas
224 532 572 600 subaequales
612 545 850 597 patentes
889 532 1071 580 sectis.
1146 531 1434 582 Lacinulae
1475 533 1574 582 hae
1613 536 1764 600 apice
1801 553 1942 588 nunc

59 607 302 672 integrae
341 619 482 652 nunc
522 603 575 649 in
613 600 914 650 denticulos
955 600 1123 659 duos,
1167 614 1276 650 tres
1315 614 1609 669 quatuorve
1648 617 1823 656 sectae
1860 624 1947 658 re..

57 677 288 735 volutae,
330 672 544 722 tandem
582 671 638 719 in
678 671 1056 738 sporangia
1093 670 1380 720 dilatantur
1419 673 1658 724 solitaria
1696 688 1782 725 aut
1820 695 1944 727 eon-

57 747 349 814 glomerata
401 742 753 809 subglobosa‚
829 741 1162 791 continentia
1215 742 1527 809 congeriem
1582 764 1945 812 sperarum

61 813 498 881 simplicium
550 811 689 860 haud
740 814 812 860 ila
859 810 1224 878 frequentium
1277 811 1687 878 gelatinosarum
1740 817 1949 866 subdia-

59 886 371 954 phanarum.
447 886 584 931 Tota
613 881 763 930 frons
795 893 1099 931 constructa
1128 881 1338 931 cellulis
1363 881 1663 951 hexagonis
1691 886 1742 934 in
1780 887 1949 937 lineas

60 968 393 1006 transversas
445 952 728 1019 dispositis
779 952 898 1000 aliis
938 951 1100 1019 duplo
1138 951 1473 1020 longioribus
1526 971 1646 1004 cum
1696 957 1815 1007 aliis
1857 959 1950 1006 mi-

62 1025 288 1076 noribns
328 1023 566 1073 seriatim
605 1021 1006 1073 alternantibus.

207 1111 273 1162 In
336 1109 478 1160 mari
538 1107 839 1159 Rrasillctm
888 1108 1617 1163 orientali-mericlionalem
1687 1112 1951 1165 alluente.-

69 1181 219 1237 Com.
258 1182 324 1232 de
366 1178 698 1249 Flemming,
753 1178 961 1233 Adalb.
998 1179 1063 1230 cle
1106 1177 1401 1233 Cleamissv.

628 1336 823 1380 XXVII.
869 1337 1070 1381 FUCUS
1113 1351 1284 1381 muca.
1319 1353 1399 1381 AG.

240 1424 681 1503 Sporangia
744 1423 810 1480 in
872 1422 1119 1480 thallo
1189 1421 1490 1482 frondoso
1552 1424 1960 1498 tuberculosa,

73 1505 407 1565 tuberculis
450 1504 796 1562 numerosis
837 1524 994 1584 poro
1037 1505 1303 1583 pertusis
1348 1506 1799 1566 includentibus
1835 1509 1964 1588 glo-

77 1587 343 1656 merulos
382 1586 670 1644 fibrarum
703 1586 1161 1643 articulatarum
1194 1587 1558 1646 intermixtis
1603 1591 1967 1670 gongylis

83 1669 366 1747 oblongis
407 1664 516 1727 aut
558 1667 1001 1750 pyriformibus
1046 1675 1227 1727 muco
1274 1670 1751 1731 circumvolutis,

243 1752 583 1810 Frondes
626 1751 940 1809 filiformes
981 1766 1084 1809 aut
1112 1750 1441 1824 ioliaceae,
1487 1753 1845 1834 plerumque
1877 1755 1968 1813 di-

84 1833 426 1904 chotomae,
470 1854 654 1916 saepe
683 1835 855 1914 poris
881 1833 1182 1891 mucissuis
1211 1836 1546 1914 praeditae,
1587 1857 1669 1897 ve
1687 1837 1750 1895 si
1768 1837 1924 1896 culi
1943 1861 1970 1896 s

86 1915 390 1975 immersis
435 1917 528 1977 vel
571 1916 755 1974 nullis
769 1959 786 1987 ,
864 1915 1072 1974 colore
1111 1916 1471 1999 plerumque
1515 1917 1789 1979 olivaceo
1807 1962 1823 1989 ,
1898 1920 1923 1994 (
1942 1940 1976 1976 e-

85 1997 252 2056 fibris
337 1998 886 2079 longitudinalibus
976 2001 1317 2057 arctissime
1404 2002 1742 2082 compactis
1826 2024 1973 2061 con-

85 2076 366 2160 stantes).

561 2207 602 2247 l.
670 2212 907 2248 FUCUS
970 2212 1505 2251 VESICULOSUS.

228 2284 290 2333 F.
339 2280 532 2330 fronde
574 2283 730 2348 plana
774 2294 978 2334 costata
1024 2285 1331 2335 dichotoma
1373 2285 1725 2352 integerrima
1767 2286 1975 2340 lineari.

91 2352 343 2405 vesiculis
377 2352 606 2418 geminis
640 2352 913 2420 globosis,
956 2357 1261 2423 sporangiis
1294 2355 1685 2406 terminalibus.

225 2435 519 2557 Αὲἱῖξςξθθί-
553 2436 717 2560 5837.
757 2438 904 2508 Sys-t.
928 2443 1055 2497 275.
1089 2440 1224 2510 Esp.
1257 2452 1296 2496 t.
1335 2460 1412 2493 12.
1454 2443 1531 2494 13.
1559 2443 1644 2494 83.
1674 2447 1759 2506 84.
1809 2443 1978 2496 Turn.
2031 2422 2036 2427 ι

338 2528 406 2557 ils
436 2547 447 2558 .
513 2547 524 2558 .
628 2548 638 2558 .

236 2597 394 2649 Conf.
433 2600 688 2662 Martini&
730 2601 795 2649 de
828 2599 936 2651 fuci
973 2599 1263 2652 vesiculosi
1291 2603 1628 2652 incremento
1661 2601 1715 2651 in
1756 2602 1825 2653 Ν.
1852 2605 1983 2658 Act.

308 2667 490 2718 Acced.
533 2667 658 2720 Car.
698 2667 876 2738 Leop.
915 2668 1026 2722 [X.
1062 2674 1181 2722 215.
1218 2690 1262 2721 c,
1298 2672 1364 2723 ie.

242 2757 468 2824 Species
502 2776 659 2826 quam
693 2761 920 2809 maxime
961 2760 1341 2828 polymorpha,
1413 2761 1562 2828 cujus
1595 2762 1889 2814 varietates
1924 2762 1987 2813 ad

107 2844 254 2876 oram
290 2827 551 2878 Brasiliae
587 2830 833 2879 inventae
869 2842 1020 2879 sunt:
1050 2841 1053 2848 '

239 2900 300 2947 F.
339 2898 780 2949 vesiculosus
803 2937 815 2960 ‚
870 2901 977 2951 vol
998 2900 1251 2964 ubilis,
1307 2902 1501 2953 fronde
1544 2902 1818 2971 spiraliter
1851 2914 1992 2955 torta

108 2967 474 3027 evesiculosa‚
514 2969 875 3036 receptaculis
911 2972 1204 3038 elongatiS‚
1244 2973 1358 3041 Ag.
1391 2971 1426 3022 l.
1454 2991 1498 3023 c.
1522 2992 1579 3041 ρ.
1611 2975 1696 3038 So.

241 3040 302 3089 F.
339 3038 820 3097 vesiculosus‚
875 3042 973 3091 lin
993 3060 1022 3092 e
1042 3042 1184 3090 aris
1208 3081 1220 3104 ‚
1265 3038 1459 3094 fronde
1494 3057 1712 3112 angusta
1748 3044 1990 3095 evesicu-

101 3105 245 3168 losa,
296 3110 654 3176 receptaculis
691 3110 956 3178 elongatis
994 3112 1553 3165 lineari-lanceolatis
1587 3115 1774 3165 acutis.
1878 3113 1990 3182 Ag.

109 3175 146 3229 l.
172 3194 218 3226 c.
245 3196 301 3245 p.
338 3196 422 3243 φο.
472 3176 606 3243 Esp.
639 3188 677 3229 t.
720 3179 832 3240 146.

244 3268 442 3317 Basis
482 3268 698 3321 callosa.
788 3271 1005 3322 Frons
1041 3271 1247 3340 pedalis
1285 3283 1339 3321 et
1365 3272 1787 3340 sesquipedalis,
1830 3273 1994 3322 linea-

102 3336 212 3400 ris,
250 3336 590 3399 dichotoma‚
629 3338 837 3406 angulis
867 3343 1065 3402 acutis,
1106 3341 1503 3409 subfastigiata,
1557 3354 1707 3393 costa
1741 3343 1995 3410 utrinque

109 3408 312 3459 elevata
346 3425 632 3474 percursa,
698 3409 953 3461 vesiculis
984 3413 1213 3481 geminis
1249 3411 1698 3479 hemisphaericis
1728 3413 1996 3462 immersis

109 3477 176 3527 ad
210 3489 389 3528 costae
417 3479 610 3539 latera,
663 3479 874 3532 intense
906 3483 1143 3534 o‘livacea
1164 3519 1176 3541 ‚
1231 3482 1372 3532 sicca
1402 3483 1737 3551 nigrescens,
1837 3483 1995 3549 Spo-

111 3548 362 3615 rangia
398 3549 638 3616 turgida,
678 3551 999 3618 terminalia,
1029 3552 1267 3605 solitaria
1282 3564 1371 3602 aut
1396 3557 1637 3622 gemina,
1676 3562 1825 3603 ovata
1846 3588 1858 3612 ‚
1899 3551 1993 3602 ob-

111 3617 434 3682 tusiuscula‚
490 3620 576 3673 vel
613 3631 782 3670 acuta.
