2163 3852
191 21 261 119 ’124
527 58 537 70 “
849 62 1131 135 honam
1170 61 1399 115 Gravis.

206 211 440 266 confinio
465 213 692 265 aliorum
719 211 990 264 lichenum
1027 214 1184 282 nigro
1203 213 1514 264 -limitatus.
1586 212 1825 264 Maculae
1867 205 2084 266 sordide

207 285 412 336 virides
439 304 466 334 a
492 285 696 334 cortice
731 282 977 334 violaceo
1025 285 1246 334 omnino
1295 284 1537 334 diversae
1558 319 1570 343 ‚
1610 279 1807 332 sensim
1828 318 1841 342 ,
1872 284 1972 333 *uti
2007 285 2101 333 vi·f·

208 354 384 416 detur,
410 354 675 412 dilatatae,
713 353 801 404 vix
827 371 855 402 a
885 365 1049 405 strato
1083 353 1233 403 thalli
1259 352 1519 404 inferiore
1549 352 1896 416 derivandae,
1933 353 2102 421 quale'

211 425 465 475 sectionis
506 441 609 489 ope
655 423 711 471 in
753 422 872 471 aliis
912 425 1048 475 locis
1080 423 1272 472 albidis
1313 441 1419 472 non
1449 422 1779 473 observatur.
1854 423 2094 490 Apothe-

211 495 293 545 cia
322 495 494 543 rarius
517 493 721 542 furcata
739 492 1032 553 stellatam,
1062 493 1211 542 disco
1241 493 1296 541 in
1325 493 1526 542 nostris
1557 492 1872 542 nudiusculo
1897 509 1911 553 3
1949 492 2092 560 peri-

209 564 444 620 thecium
470 562 722 625 laterale,
761 563 876 612 basi
901 565 987 615 vix
1023 564 1333 613 connivens,
1390 562 1600 613 'I'hecae
1621 578 1811 629 parvae
1833 561 2092 631 oblongo·

210 632 548 702 cylindricae.
591 632 716 697 (cfr.
741 632 879 682 infra
910 640 947 684 A
967 653 994 683 r
1009 632 1073 683 th
1093 651 1122 683 o
1140 633 1251 682 nia
1268 650 1320 680 m
1359 650 1393 700 p
1412 650 1441 682 o
1460 633 1517 699 ly
1536 651 1585 681 m
1604 651 1633 682 o
1652 652 1678 680 r
1695 650 1728 698 p
1744 631 1778 681 h
1798 651 1823 681 a
1841 633 1935 697 m.)

348 718 552 770 Crescit
601 719 654 769 in
706 720 902 770 corlice
954 720 1336 788 Rlzizoplzorae
1394 718 1634 789 IWangZe
1683 729 1733 769 et
1790 715 2093 786 Conocarpi

209 791 486 855 racemosi,
527 785 756 854 confinis
798 791 1153 846 Verrucariae
1186 791 1429 854 eerimze,
1479 790 1787 840 Artlmniae
1810 787 2091 857 polymor-

199 864 374 928 phae,
409 859 746 930 Pyrenaslro
774 859 897 911 albo
925 871 977 912 et
1009 858 1332 911 Lecanorae
1360 859 1801 910 carneo-luteae.
1859 920 1864 923 μ
1906 901 1915 904 s

355 971 460 1021 Gr.
499 969 617 1035 pul
638 969 1058 1019 verulenta‘?
1116 969 1482 1033 biformis3
1512 969 1541 1022 ἦ·
1606 979 1784 1018 crusta
1831 963 2104 1031 cartilagi-

215 1040 779 1110 neo-membranacea
835 1039 1186 1090 crassiuscula
1221 1040 1435 1089 cinerea
1461 1078 1473 1098 ,
1516 1038 1814 1104 apotheciis
1835 1035 2104 1086 immersis

212 1112 294 1161 vel
320 1109 955 1176 ovato-punctisormibus
972 1108 1054 1159 vel
1086 1109 1411 1172 linearibuS,
1453 1109 1788 1175 simplicibus
1809 1121 1862 1157 et
1877 1105 2105 1156 substel-

212 1180 360 1230 latim
397 1180 626 1229 ramosis
651 1217 663 1240 ‚
703 1178 1010 1246 perithecio
1049 1177 1161 1228 basi
1200 1189 1446 1230 truncato
1470 1215 1482 1239 ‚
1521 1178 1668 1230 disco
1705 1176 2102 1247 angustissimO,

208 1249 451 1318 margine
481 1249 714 1300 thallode
748 1249 914 1299 tenui.

317 1342 399 1389 Ex
435 1339 593 1390 unico
627 1339 924 1405 specimine
959 1338 1103 1407 quod
1131 1337 1306 1396 adest,
1359 1336 1654 1403 dijudicare
1695 1353 1804 1386 non
1841 1334 1999 1394 licet,
2039 1349 2106 1382 an

214 1410 494 1476 apothecia
527 1411 909 1477 punctiformia
945 1409 1189 1475 elliptica
1215 1426 1350 1477 quae
1391 1408 1445 1455 in
1495 1408 1612 1456 aliis
1652 1406 1805 1472 hujus
1845 1403 2106 1454 sectionis

218 1480 501 1547 speciebus
528 1482 800 1530 rarissima
823 1517 835 1539 ,
892 1480 945 1529 in
976 1480 1079 1529 hoc
1110 1497 1236 1529 vero
1269 1478 1564 1546 specimine
1597 1477 1828 1527 caeteris
1853 1475 2109 1542 frequen-

215 1551 378 1609 tiora,
413 1568 512 1600 nec
543 1569 650 1600 non
681 1552 854 1601 forma
884 1550 1176 1617 perithecii
1223 1550 1339 1598 basi
1370 1559 1606 1598 truncata
1653 1565 1809 1611 supra
1853 1545 2108 1611 utrinque

141 1620 149 1622 ἡ
216 1633 428 1670 arcuata
471 1622 747 1672 subclausa
788 1639 815 1670 a
865 1621 1106 1670 matricis
1170 1618 1457 1686 superficie
1499 1616 1823 1685 inaequabili
1856 1614 2110 1664 tubercu-

213 1689 328 1740 losa
367 1691 666 1758 pendeant,
725 1710 789 1740 an
838 1691 1114 1759 propriam
1164 1690 1407 1739 indicent
1459 1689 1717 1754 speciem.
1803 1683 2108 1751 Apothecia

216 1761 317 1810 alia
358 1761 885 1827 lineari-elongata,
927 1759 1191 1826 simplicia
1228 1761 1402 1809 rarius
1454 1759 1659 1807 furcata
1709 1755 1790 1804 vel
1846 1770 2110 1804 concursu

216 1831 453 1898 plurium
517 1831 759 1893 stellata,
824 1831 951 1880 hinc
1018 1831 1143 1879 inde
1199 1839 1477 1896 angustata
1538 1828 1623 1879 vel
1679 1826 1731 1875 in
1785 1824 1891 1874 fine
1931 1822 2109 1889 cuspi-

212 1900 368 1962 data,
419 1902 506 1951 vix
558 1919 714 1968 supra
761 1912 989 1951 crustam
1044 1900 1282 1959 elevata,
1339 1898 1577 1964 margine
1627 1895 1896 1956 thallode‚
1951 1909 2109 1964 quem

222 1982 523 2021 extrorsum
562 1972 749 2020 rimula
789 1989 816 2020 a
851 1970 1012 2021 thallo
1053 1970 1313 2037 sejungit,
1357 1980 1502 2018 arcte
1541 1968 1737 2019 cincta.

361 2058 565 2110 Crescit
601 2059 673 2109 ad
709 2059 964 2109 arborum
1006 2057 1257 2107 corticem
1288 2075 1462 2125 prope
1499 2053 1664 2105 Pani.

365 2169 475 2220 Gr.
514 2166 1063 2235 pulverulenta?
1102 2166 1351 2234 palmic
1372 2165 1479 2215 ola
1503 2181 1516 2226 3
1567 2165 1596 2216 †
1647 2172 1821 2211 crusta
1846 2158 2112 2209 Submem-

218 2238 481 2294 branacea
514 2239 1051 2288 albido-virescente
1099 2237 1355 2297 evanida,
1405 2233 1706 2301 apotheeiis
1756 2230 1957 2297 sparsis
1996 2229 2114 2278 lon-

223 2308 461 2374 gissimis
492 2308 830 2359 rectiusculis
871 2307 1142 2375 parallelis
1174 2305 1586 2364 ramosissimis,
1638 2302 1800 2352 ramis
1834 2301 2119 2366 divergen-

218 2378 361 2428 tibus
394 2378 519 2427 dein
551 2379 824 2446 parallelis
859 2375 1393 2429 anastomosantibus.

361 2467 581 2527 Thallus
632 2480 935 2518 crustaceus
985 2466 1247 2515 latissime
1300 2462 1538 2519 effusus,
1589 2461 1913 2526 laevigatus,
1971 2474 2117 2507 cras-

223 2536 524 2600 siusculus,
588 2538 829 2598 albidus,
885 2537 1228 2604 glaucescens
1297 2545 1346 2583 et
1410 2534 1718 2589 virescens,
1775 2530 1827 2577 in
1883 2527 2118 2578 confinio

222 2607 458 2673 plurium
525 2609 875 2674 speciminum
946 2603 1434 2671 nigro-limitatus.
1544 2600 1840 2667 Apothccia
1908 2600 2122 2648 demum

227 2679 561 2744 emergentia
598 2678 765 2728 thallo
803 2677 1094 2742 marginata
1134 2685 1438 2723 constanter
1476 2689 1592 2721 cum
1653 2671 1874 2719 caudice
1926 2668 2120 2718 celeri-

226 2757 313 2796 ter
362 2758 638 2797 crescente
688 2749 743 2795 in
797 2745 1193 2813 longitudinem
1250 2754 1546 2810 protracta,
1601 2740 1726 2788 hinc
1790 2738 2017 2788 uncialia
2068 2748 2125 2787 et

221 2816 467 2883 longiora
522 2817 813 2882 parallela,
884 2814 1207 2865 rectiuscula
1259 2825 1311 2862 et
1370 2814 1563 2863 leniter
1615 2810 1889 2872 undulata,
1945 2825 2120 2857 ramo-

226 2887 450 2936 sissima.
521 2888 675 2937 Rami
710 2888 971 2937 distantes
1005 2884 1229 2934 subinde
1262 2884 1535 2949 oppositi,
1578 2882 1919 2947 divergentes
1943 2916 1955 2938 ‚
1997 2895 2121 2926 mox

224 2969 350 3023 post
385 2959 747 3007 exsertionem
787 2955 1084 3015 incurvati,
1126 2971 1245 3003 cum
1283 2954 1558 3020 prioribus
1611 2950 1852 3018 paralleli
1904 2948 2121 2998 eodem-

229 3044 334 3094 que
368 3027 527 3076 modo
557 3029 610 3076 in
647 3026 1039 3094 longitudinem
1072 3025 1368 3090 protracti,
1436 3023 1560 3073 dein
1605 3040 1724 3071 cum
1774 3018 2126 3068 interioribus

230 3096 651 3165 lateralibusque
686 3096 1013 3147 reticulatim
1051 3105 1524 3144 anastomosantes.

375 3183 573 3234 Crescit
613 3185 684 3233 ad
711 3184 961 3234 corticem
992 3182 1229 3232 caudicis
1242 3181 1474 3247 junioris
1511 3178 1812 3229 Geonomae
1839 3175 2119 3239 cujusdam

234 3253 323 3305 vel
354 3253 628 3304 I‘iunelu'ae
662 3253 893 3318 Humb.,
933 3251 1101 3305 Prov.
1142 3251 1248 3302 Rio
1287 3252 1486 3320 JN'egro.

371 3345 478 3395 Gr.
517 3343 1072 3411 pulverulenta‘.>
1134 3342 1449 3408 ambigua
1477 3356 1491 3402 3
1523 3339 1550 3391 l
1591 3346 1766 3386 crusta
1804 3333 2116 3384 tenuissima

229 3413 408 3464 albido
428 3445 449 3453 -
469 3416 841 3483 glaucescente
892 3412 1248 3479 subpruinosa
1288 3414 1445 3477 nigro
1463 3409 1722 3457 -limitata
1763 3405 1972 3454 demum
2008 3403 2119 3451 sus-

230 3498 477 3538 cescente
512 3496 567 3536 et
604 3484 823 3538 evanida
844 3520 862 3548 ,
914 3483 1215 3551 apotheciis
1254 3481 1487 3549 oblongo
1503 3475 1831 3528 -linearibus
1850 3510 1863 3535 ,
1914 3473 2122 3540 simpli-
