2163 3852
194 159 262 211 56
977 151 1276 196 Incarus.

200 306 628 389 interspersos,
665 301 875 380 quales
911 300 972 357 in
999 296 1383 356 Parmelia
1427 294 1691 353 ciliari
1735 295 1881 360 satis
1918 293 2076 352 bene
2160 303 2163 329 ⁴=

203 388 473 468 depinxit
528 384 895 461 nomineque
949 376 1586 462 parcnchymatis
1646 375 2079 434 viridantis

205 469 486 527 salutavit
538 467 640 522 He
659 463 984 540 dwigius
1001 485 1020 537 3
1131 475 1276 516 tunc
1331 458 1515 515 etiam
1573 455 1685 514 sub
1742 456 2081 537 apotheciis

203 551 365 609 intra
403 562 656 606 stratum
702 543 1031 603 medullare
1073 553 1462 599 occurrentes
1475 579 1493 608 ,
1546 537 1756 617 quales
1804 538 1870 595 in
1917 539 2085 595 Par-

204 632 437 690 melia
477 650 517 710 p
535 626 878 684 arietina
941 624 1053 681 cel.
1100 625 1361 700 Hayne
1415 619 1578 677 visos
1633 633 1692 676 et
1743 619 2082 694 delineatos

209 711 483 793 sporulas
526 705 748 767 virides
792 704 1178 785 nuncupavit.
1269 700 1538 758 Granula
1574 700 1714 757 dein
1749 721 1941 779 aeque
1975 700 2087 757 mi-

207 808 354 851 nuta
379 790 711 874 perfectius
741 808 885 846 vero
917 787 1191 866 globosa,
1237 782 1403 840 fibris
1437 781 1827 840 interioribus
1858 783 2090 862 majore

208 876 517 934 minoreve
559 872 741 951 copia
784 870 1060 949 inspersa
1095 890 1129 924 a
1171 863 1479 946 prioribus
1516 862 1946 941 distinguenda
1986 884 2093 943 ap-

210 957 453 1034 tiusque
481 953 752 1031 sporidia
779 950 1042 1008 dicenda
1068 962 1210 1006 sunt
1227 969 1242 1018 3
1289 946 1383 1004 his
1411 945 1710 1024 imprimis
1735 965 1850 1002 nec
1878 944 2091 1006 floccis

213 1038 420 1106 color,
469 1036 520 1091 si
555 1035 754 1101 adest,
804 1032 977 1088 strati
1018 1028 1370 1087 medullaris
1406 1027 1730 1084 distinctus
1762 1027 1959 1084 luteus
1998 1025 2096 1085 vel

212 1118 424 1187 ruber,
472 1117 667 1172 rarius
702 1113 904 1181 albuS,
954 1113 1266 1168 inhaerere
1296 1109 1563 1177 videtur,
1611 1108 1674 1165 id
1706 1108 1874 1187 quod
1901 1128 1937 1164 a
1984 1107 2095 1166 cel.

213 1199 498 1257 Linlzio
543 1197 607 1255 in
640 1195 896 1252 Stieta
939 1206 1208 1249 aurata
1253 1190 1638 1248 observatum
1676 1190 1739 1245 in
1777 1189 1912 1246 aliis
1945 1211 2096 1269 quo-

216 1301 333 1362 que
363 1278 564 1337 inveni
579 1301 597 1352 5
646 1277 704 1334 in
728 1274 1004 1356 plurimis
1042 1294 1184 1332 vero
1203 1270 1574 1328 Liclienibus
1602 1270 1815 1348 eadem
1845 1271 2099 1352 pelluci-

219 1363 298 1420 da
329 1375 486 1429 sunt,
519 1360 664 1416 hinc
687 1357 852 1416 fibris
881 1375 1071 1435 aeque
1095 1353 1418 1434 pellucidis
1455 1367 1798 1430 aggregata,
1842 1352 1999 1411 nivis
2025 1353 2104 1410 ad

219 1445 412 1502 instar
441 1441 710 1500 colorem
749 1438 919 1499 strati
951 1436 1168 1513 integri
1198 1435 1401 1492 album
1431 1434 1795 1491 exhibentia.
1879 1436 1966 1490 Ex
2000 1434 2099 1491 his

221 1525 451 1594 causis,
490 1545 615 1580 non
636 1536 872 1579 tantum
898 1518 977 1577 ob
999 1517 1248 1576 cellulas
1278 1516 1449 1573 strati
1479 1516 1787 1574 corticalis
1812 1515 2100 1574 obscura-

219 1622 333 1676 taS,
366 1605 475 1664 sed
510 1605 692 1661 etiam
724 1603 803 1662 ob
835 1601 1015 1659 fibras
1050 1600 1223 1656 strati
1253 1597 1599 1655 medullaris
1627 1598 1787 1656 intra
1820 1597 2100 1655 substan-

219 1689 369 1748 tiam
385 1687 639 1774 viridffm
659 1684 851 1763 magis
874 1683 1186 1740 intricatas
1214 1680 1538 1737 transitum
1561 1679 1639 1736 ad
1660 1694 1911 1737 stratum
1931 1680 2103 1759 prius

221 1765 598 1836 exhibentesJ
614 1767 788 1823 limes
811 1766 968 1823 inter
994 1777 1316 1842 utrumque
1348 1776 1601 1819 stratum
1631 1761 1939 1820 difficilius
1968 1782 2106 1842 per-

223 1851 505 1933 spicitur:
575 1849 719 1906 hinc
770 1845 1167 1904 substantiam
1231 1844 1410 1902 istam
1472 1843 1726 1901 viridem
1768 1843 2106 1922 inspersam

221 1954 338 2014 pro
396 1945 587 1990 strato
637 1929 929 1987 distincto
981 1925 1246 1984 habuere
1297 1924 1543 2005 plurimi
1601 1924 2105 2005 celeberrimique
2132 1929 2135 1932 “

224 2012 656 2091 Lichenologi,
768 2011 822 2068 si
874 2008 1140 2089 excipias
1218 2007 1607 2075 Linkium,
1700 2006 2104 2076 Friesium,

227 2096 768 2162 Schaererum,
796 2130 877 2140 --
936 2089 1103 2170 quod
1139 2087 1547 2146 faeculare
1588 2109 1712 2145 non
1755 2087 1912 2146 male
1957 2088 2107 2163 dixit

225 2174 910 2251 VVahlen‘bergiUS,
1004 2170 1528 2230 vesiculosum
1600 2170 2104 2240 TreviranuS‚

229 2279 603 2339 gonymon
669 2250 1229 2321 Wallrothius,
1305 2251 1777 2309 cellularum
1839 2252 2110 2332 sphae-

227 2340 674 2399 roidearum
716 2339 1090 2415 MeyeruS.

389 2421 654 2501 Hujusce
696 2439 839 2476 vero
889 2415 1066 2473 strati
1105 2413 1356 2491 granula
1389 2435 1501 2494 per
1543 2413 1785 2473 soredia
1816 2415 1905 2473 sic
1949 2414 2113 2473 dicta

233 2503 473 2583 saepius
518 2499 887 2578 emergentia
919 2497 1118 2577 (quod
1157 2517 1192 2552 a
1231 2497 1458 2554 luxurie
1491 2496 1728 2554 frondis
1768 2495 2112 2575 plantarum

231 2584 668 2666 perfectiorum
704 2603 814 2661 per
844 2580 1094 2637 nimiam
1125 2577 1547 2634 humiditatem
1574 2600 1699 2635 non
1740 2578 1988 2636 omnino
2020 2577 2109 2636 di-

232 2664 497 2738 versum)
541 2683 687 2743 prae
732 2661 987 2719 caeteris
1031 2659 1461 2739 propagationi
1518 2658 1844 2728 inservire,
1917 2678 1995 2716 ex
2039 2680 2112 2717 eo

233 2747 412 2806 facile
470 2744 792 2812 refellitur,
867 2742 1034 2821 quod
1090 2741 1329 2798 soredia
1379 2740 1642 2820 plurima
1699 2755 1756 2797 et
1816 2741 2113 2821 imprimis

236 2849 389 2910 quae
441 2824 937 2884 constantissima
983 2823 1046 2879 in
1096 2822 1135 2879 S
1155 2838 1177 2879 t
1195 2823 1213 2878 i
1231 2844 1261 2879 c
1281 2823 1381 2880 tis
1438 2821 1755 2902 cyphellae
1812 2823 2113 2893 dicuntur,

238 2932 376 2967 cum
405 2922 594 2966 strato
620 2905 937 2963 medullari
967 2905 1216 2963 omnino
1249 2904 1614 2962 conveniunt
1645 2903 1985 2963 substantia
2013 2925 2117 2963 co-

241 2992 496 3069 loreque
514 2987 596 3063 ²¹³),
636 2987 741 3055 sie,
788 2985 1058 3065 exempla
1081 3001 1147 3042 ut
1171 2986 1386 3063 eligam
1423 2985 1782 3045 adversariis
1814 2987 1938 3065 jam
1961 2985 2119 3043 indi‹

243 3073 449 3151 gitata‚
496 3071 560 3127 in
589 3070 842 3127 Sticta
881 3083 1140 3125 aurata
1175 3068 1619 3126 ctCetraria
1660 3068 2114 3147 juniperina

239 3155 388 3210 Ach.
422 3152 656 3219 ostrina,
703 3151 763 3206 in
812 3150 852 3206 S
871 3164 891 3207 t
912 3149 925 3204 i
945 3172 973 3206 c
995 3164 1012 3205 t
1031 3170 1063 3204 a
1108 3148 1163 3206 si
1183 3148 1199 3204 l
1218 3149 1373 3205 i'ein
1392 3171 1425 3205 a
1468 3148 1734 3206 lateritia
1759 3163 1926 3217 sunt,
1970 3149 2115 3207 licet

238 3235 332 3293 his
369 3234 642 3312 utrisque
679 3246 932 3288 stratum
960 3231 1148 3287 viride
1186 3231 1607 3288 tenuissimum
1632 3253 1757 3289 non
1792 3230 1949 3288 desit
1976 3226 2113 3308 *²³03

243 3316 385 3374 hine
434 3316 551 3372 ista
606 3312 855 3390 granula
909 3311 1070 3370 lutea
1112 3334 1237 3369 non
1281 3312 1458 3369 aliam
1506 3314 1580 3371 ad
1616 3311 2116 3393 propagationem

294 3538 339 3590 ⁶)
370 3538 502 3579 leon.
536 3534 620 3578 sel.
656 3534 823 3590 Crypt.
856 3533 950 3576 tab·
990 3536 1056 3584 114.
1089 3531 1165 3589 sng-
1203 3539 1239 3578 1.

233 3595 312 3649 ”J
352 3594 499 3635 Icon.
534 3591 617 3635 sel.
652 3591 816 3649 Crypt.
850 3589 945 3633 tab.
981 3594 1046 3643 14.
1080 3588 1155 3648 fig.
1191 3595 1227 3635 1.
1259 3594 1299 3633 2.
1333 3594 1375 3636 ὅ.
1408 3590 1450 3640 li.
