2163 3852
37 480 52 509 Χ

227 217 297 270 54
1011 214 1320 262 Licumtsss!

234 366 561 437 cellulosa,
630 363 865 423 cellulis
922 364 1198 444 saepiuS,
1273 363 1631 444 praesertim
1687 363 1751 419 in
1797 362 2112 437 Sptictis,

232 447 690 526 PeltigeriS,
765 444 1187 514 SoloriniS,
1269 441 2116 524 Collematibus'(Lep-

236 531 475 609 togiis
535 544 594 586 et
649 525 1110 602 Mallotiis),
1175 527 1447 606 perfecte
1490 525 1852 604 hexagonis,
1922 523 1950 602 (
2051 546 2117 582 as

238 632 382 669 cave
416 630 493 667 ne
523 611 586 668 in
615 609 947 667 crustaeeis
991 630 1104 689 pro
1149 606 1409 664 residuis
1456 607 1848 688 epidermidis
1892 607 1968 664 ha
2016 627 2116 664 eas

235 691 529 762 matriciS,
574 692 769 748 rarius
800 689 1183 749 solummodo
1212 689 1275 746 in
1291 689 1660 747 Liehenibus
1693 687 2119 768 hypophloeo-

238 773 415 830 dibus
461 789 658 832 aetate
704 773 887 831 etiam
928 771 1312 853 provectiore
1359 771 1532 829 strati
1576 770 1885 828 corticalis
1922 770 2119 829 vicem

235 851 534 933 gerentis)
550 878 568 930 5
619 856 681 911 in
702 855 1032 913 crustaceis
1055 853 1332 933 plurimis
1360 851 1569 910 colore
1603 866 1838 909 tantum
1862 851 2120 909 subinde

236 937 486 994 nonnisi
524 951 668 1016 post
696 934 943 994 frictum
979 935 1352 1015 conspicuo,
1401 944 1597 1012 eoque
1636 933 1955 991 deficiente
1992 954 2121 990 sae-

235 1017 375 1098 pius
413 1018 574 1075 idem
616 1018 711 1076 vix
750 1018 1162 1096 dignoscitur,
1235 1016 1297 1072 in
1333 1015 1767 1095 pulverulentis
1781 1058 1797 1085 ,
1854 1014 2012 1073 veris
2062 1029 2123 1072 et

239 1099 500 1178 spuriis,
534 1098 733 1178 prima
753 1099 1062 1177 juventute
1088 1097 1441 1171 evanidum5
1489 1097 1552 1153 in
1589 1097 1724 1156 aliis
1756 1098 1852 1154 vix
1877 1119 2003 1155 non
2029 1112 2124 1154 to-

239 1179 367 1236 lum
408 1181 662 1237 thallum
711 1181 964 1249 sistens,
1040 1178 1145 1258 qui
1188 1193 1383 1236 aetate
1427 1177 1571 1235 dein
1608 1179 1993 1258 provectiore
2032 1177 2127 1236 vel

240 1261 305 1319 in
338 1260 481 1320 loco
519 1260 708 1319 natali
756 1259 1134 1340 inaequabili
1170 1259 1316 1316 hine
1363 1259 1505 1315 inde
1543 1274 1798 1317 stratum
1836 1259 2127 1318 cortieale

238 1341 480 1424 prodit,
588 1343 653 1400 id
707 1343 873 1422 quod
953 1342 1250 1422 imprimis
1317 1340 1379 1397 in
1434 1341 2125 1421 Trypetheliaceis

240 1425 553 1483 nonnullis
605 1425 991 1494 observatur,
1064 1445 1323 1503 quorum
1360 1421 1438 1479 ad
1476 1443 1760 1481 verrucas
1805 1423 2128 1482 efl'orman-

243 1505 354 1563 das
412 1522 666 1565 stratum
719 1506 1051 1564 medullare
1122 1505 1286 1564 cirea
1336 1503 1663 1585 apothecia
1710 1527 1775 1563 se
1841 1501 2128 1583 colligere

242 1587 508 1660 videtur,
564 1611 680 1647 nee
718 1611 844 1646 non
879 1589 943 1646 in
980 1586 1458 1667 Graphideis
1495 1588 1805 1645 nonnullis
1842 1587 2124 1668 tropiciS,

244 1690 498 1748 quarum
535 1671 858 1751 apothecia
899 1671 1073 1749 nigra
1110 1683 1302 1728 strato
1340 1668 1547 1726 albido
1582 1670 1676 1728 vel
1708 1670 1984 1728 colorato
2016 1669 2125 1727 ob-

243 1765 406 1810 tecta
444 1769 598 1811 sunt.

406 1835 744 1894 Distinctio
807 1834 1256 1915 dispositioque
1318 1832 1653 1890 Lichenum
1706 1830 2123 1902 difficillimae,

247 1915 474 1996 quippe
510 1918 614 1996 qui
657 1919 928 1976 omnium
960 1917 1305 1997 plantarum
1349 1914 1762 1975 diversissimo
1805 1914 1936 1972 solo
1979 1936 2126 1972 con-

245 1999 427 2068 tenti,
518 2000 696 2078 hujus
759 1999 1000 2058 insimul
1063 1997 1354 2078 potestati
1390 1997 1660 2054 omnium
1709 1996 1965 2054 maxime
2017 1995 2128 2055 ob-

245 2080 411 2137 noxii
449 2096 622 2156 sunt,
689 2097 1008 2162 praeterea
1047 2081 1127 2139 ob
1166 2095 1445 2137 naturam
1475 2078 1737 2157 plurium
1773 2094 2129 2137 constanter

244 2164 672 2238 parasiticam,
747 2163 1197 2242 eorundemque
1234 2161 1687 2242 proclivitatem
1731 2161 1808 2218 ad
1852 2176 2129 2218 naturam

245 2241 599 2322 fungorum,
644 2259 712 2302 ut
744 2245 1068 2326 apothecia
1108 2267 1235 2302 non
1273 2266 1409 2301 raro
1447 2243 1574 2300 sine
1606 2243 1798 2301 thallo
1834 2244 2126 2312 oriantur,

245 2324 341 2382 vel
377 2326 589 2382 eadem
616 2326 792 2383 unius
828 2327 1056 2407 speciei
1094 2327 1157 2382 in
1191 2325 1381 2383 thallo
1422 2325 1670 2382 alterius
1706 2326 1964 2404 vigeant.

411 2409 801 2466 Characteres
835 2430 1119 2488 generum
1148 2407 1475 2487 primarios
1511 2430 1544 2464 a
1574 2408 1775 2465 fructu
1812 2407 2129 2464 desumen-

248 2486 360 2545 dos
401 2509 563 2559 esse,
626 2512 936 2570 nunquam
976 2489 1277 2564 dubitavi,
1325 2491 1504 2547 etiam
1545 2510 1831 2567 generum
1869 2482 2128 2568 quodvis

251 2569 313 2625 in
358 2572 768 2649 sequentibus
799 2572 1210 2652 expositorum
1260 2572 1609 2628 charactere
1653 2570 1919 2649 quodam
1966 2571 2128 2628 frue-

251 2650 604 2710 tificationis
645 2653 1001 2712 distinctum
1040 2651 1308 2726 videbis5
1368 2652 1534 2730 quod
1566 2673 1710 2710 vero
1749 2653 1898 2711 olim
1928 2652 2128 2710 innuit

252 2747 650 2810 systematum
700 2750 876 2815 pater
913 2733 1453 2813 Caesalpinus,
1520 2734 1852 2793 divisiones
1890 2734 2130 2814 planta-

236 2834 381 2870 rum
437 2816 783 2895 superiores
845 2837 914 2873 ex
970 2816 1214 2893 organis
1279 2816 1680 2893 vegetationis
1742 2815 2130 2875 deducendas

251 2916 417 2965 esse,
506 2898 792 2976 quodque
838 2898 1133 2956 hodierne
1188 2897 1513 2977 probatum
1569 2913 1660 2956 est
1723 2896 2146 2957 divisionibus-

252 2979 524 3056 quamvis
586 2980 1007 3039 vacillantibus
1069 2978 1473 3038 vascularium
1534 2980 1598 3037 in
1650 2981 2000 3059 endogenas
2066 2993 2129 3037 et

252 3079 581 3137 exogenas,
669 3062 1033 3120 endorhizas
1087 3077 1145 3120 et
1200 3062 1512 3119 exorhizas
1532 3104 1548 3131 ,
1617 3061 2127 3140 monoeotyledo-

251 3161 396 3198 neas
439 3158 498 3199 et
540 3142 1073 3223 dieotyledoneas,
1132 3143 1196 3200 id
1235 3145 1418 3201 etiam
1454 3144 1515 3200 in
1553 3143 1779 3224 plantis
1823 3142 2126 3201 cellulari-

249 3218 361 3278 bus
376 3264 393 3291 ,
442 3224 494 3281 si
532 3225 815 3282 ordinum
846 3226 1226 3283 desideratur
1261 3226 1636 3305 singulorum
1663 3224 1881 3284 divisio
1910 3246 2125 3284 seeun-

250 3302 391 3360 dum
413 3305 589 3362 unius
623 3308 836 3383 organi
867 3307 1260 3376 differentias,
1307 3308 1703 3366 distinetione
1734 3328 1848 3386 pro
1884 3321 2122 3365 strue-

249 3397 418 3442 tura
462 3386 581 3442 vel
624 3388 1007 3446 cellulosa
1049 3389 1166 3446 vel
1209 3388 1521 3447 fibrosa
1562 3410 1687 3447 non
1716 3389 1964 3466 quidem
1993 3388 2123 3447 sine

249 3466 690 3538 inconstantia,
736 3491 934 3549 neque
978 3469 1058 3532 ob
1102 3472 1356 3534 thallum
1400 3471 1464 3529 in
1506 3470 1906 3540 Leeideis,
1952 3472 2122 3526 Par-

246 3548 502 3609 meliis
559 3551 789 3609 varium
842 3551 1052 3610 stricte
1097 3553 1482 3620 sumendum,
1527 3567 1746 3611 natura
1788 3573 1929 3611 vero
1975 3568 2123 3609 eon-

202 3665 214 3676 ·
247 3631 542 3690 sentiente
586 3632 936 3701 adhibetur,
970 3634 1166 3712 ,idque
1209 3656 1282 3692 eo
1319 3635 1510 3712 magis
1552 3635 1611 3694 in
1645 3633 1815 3712 Algis
1843 3632 2117 3702 Linnaei,
