2163 3852
182 110 285 163 134
731 103 1032 152 Lmnmns.
1072 98 1450 152 Vanaucmm.

192 254 595 324 apotheciorum
625 251 864 303 verrucis
889 247 1183 299 subclausis
1226 244 1424 313 papilla
1479 242 1915 310 subprominente
1963 238 2094 291 ter-'

189 326 404 385 minali‚
444 338 673 391 superne
702 321 916 370 demum
950 317 1286 369 elabentibus
1313 314 1545 364 thalamii
1596 312 1745 362 basin
1785 328 2070 363 concavam

192 397 509 447 denudatam
550 389 1042 459 marginantibus.“
1114 384 1323 435 Achar.
1361 382 1416 432 in
1458 380 1621 445 Mag.
1667 380 1718 430 d.
1759 379 1911 431 Berl.
1952 379 2071 430 Ges.

190 461 399 531 natur).
428 460 690 511 Frezmde.
755 457 791 509 I.
822 476 868 509 c.
893 477 948 526 p.
991 476 1067 524 ¹7·
1105 458 1215 506 tab.
1251 448 1422 518 2.fig.
1460 454 1537 503 18.
1577 483 1646 494 --
1683 453 1818 518 Syn.
1847 468 1905 518 p.
1953 449 2069 500 123.

191 534 315 600 (sub
351 529 680 600 Pyrenulct.)

331 626 533 677 Crescit
578 625 651 675 ad
701 622 951 674 corticem
1011 621 1266 670 arborum
1328 618 1384 668 in
1448 616 1605 666 India
1655 608 2076 680 (occidentalif')

195 702 427 749 Swartz.

334 795 400 846 V.
444 789 858 858 subaperta‘?
911 779 1413 837 flavo-fusca·l·
1454 800 1469 846 3
1521 793 1694 832 crusta
1732 789 1910 830 cerata
1948 774 2076 827 niti-

203 863 443 916 diuscula
471 859 839 921 ssavo-fusca,
879 855 1175 924 apotheciis
1223 854 1594 903 minutissimis
1647 847 2079 918 globoso-coni-

199 935 277 984 cis
316 950 564 985 verrucas
610 931 835 980 minutas
885 923 1314 976 subconssuentes
1356 925 1506 992 apice
1545 924 1758 972 demum
1802 917 2083 968 delabente

198 1002 616 1073 perforantibus.

338 1073 551 1122 Thallus
587 1079 922 1127 mustaceus,
966 1064 1158 1122 durus,
1208 1063 1620 1120 nitidiusculus‚
1659 1058 1858 1127 pallide
1885 1057 2084 1117 fuscus,

200 1143 258 1192 in
299 1140 533 1192 confinio
571 1139 726 1206 nigro
757 1166 777 1177 -
806 1135 1078 1184 limitatus.
1155 1134 1576 1197 Apotheciorum
1620 1145 1875 1179 verrucae
1918 1126 2088 1194 pluri-

202 1230 320 1262 mae
370 1210 608 1261 seriatim
656 1207 828 1256 aliove
866 1203 1023 1253 modo
1062 1201 1427 1261 confluentes,
1471 1199 1679 1251 ostiolis
1710 1195 2085 1265 punctiformi-

204 1283 304 1349 bus
340 1281 425 1332 vel
458 1280 667 1329 demum
695 1277 845 1343 poris
888 1292 992 1323 non
1016 1272 1233 1321 multum
1268 1271 1560 1336 majoribus
1582 1266 1902 1336 perforatae.
1945 1269 2092 1332 Apo·

204 1353 380 1402 thecia
417 1346 798 1417 punctiformia
851 1344 1059 1392 matrici
1104 1360 1210 1391 non
1275 1342 1554 1397 immersa,
1614 1354 1844 1401 superne
1901 1353 2089 1402 parum

206 1432 477 1490 angustata
510 1417 813 1474 subconica‚
855 1414 1004 1479 apice
1038 1423 1348 1477 emergente
1373 1411 1625 1469 decidua,
1665 1406 1893 1457 foveolis
1924 1424 1950 1454 a
1974 1423 2093 1454 ver-

207 1511 331 1543 ruca
388 1488 624 1539 thallode
675 1484 984 1551 marginatis
1035 1482 1260 1531 relictis.
1336 1481 1550 1530 Thecae
1608 1472 1797 1543 parvae
1847 1475 2096 1540 cylindri-

210 1578 305 1612 cae
345 1559 730 1616 triaunulatae‚
784 1553 992 1621 annulis
1050 1550 1389 1612 constrictis,
1441 1562 1497 1599 ut
1546 1561 1771 1618 quatuor
1815 1546 2101 1598 videantur

211 1648 403 1700 sperae
440 1630 692 1697 globosae
723 1625 1091 1674 cohaerentes.

360 1724 556 1775 Crescit
585 1722 638 1771 in
668 1720 866 1770 cortice
895 1717 1168 1784 laevigata
1194 1714 1447 1764 arborum
1472 1731 1641 1781 prope
1679 1709 1840 1771 Pani,
1872 1703 2104 1773 confinis

218 1792 608 1845 Helotremali
639 1798 830 1840 cavato
852 1825 864 1848 ‚
905 1785 1169 1854 Graplcidi
1198 1785 1496 1852 triquetrae
1526 1792 1575 1832 et
1619 1780 1925 1831 Arllzouiae
1941 1777 2104 1847 poly-

214 1864 471 1935 morphae
504 1881 620 1913 var.
658 1857 976 1910 maculanti.

648 2021 1123 2062 18.v13RnUCAR1A
1183 2019 1594 2057 TETRACERAE.
1653 2005 1681 2056 †

363 2131 429 2185 V.
470 2166 507 2193 2,
529 2140 704 2181 crusta
737 2123 1540 2191 cartilagineo·membranacea
1563 2119 1881 2170 laeviuscula
1923 2118 2110 2167 subru-

222 2199 408 2266 gulosa
444 2218 472 2249 e
504 2201 725 2249 cinereo
766 2199 911 2246 luteo
937 2194 1151 2256 -susca3
1202 2193 1608 2260 apotheciorum
1647 2189 1885 2239 verrucis
1913 2187 2109 2256 glabris

225 2271 418 2320 clausis
447 2270 680 2319 thalamii
718 2282 1013 2333 supremam
1051 2274 1257 2329 partem
1295 2263 1691 2330 prominentem
1752 2258 1943 2307 nudam
1983 2257 2110 2306 niti-

226 2339 344 2389 dam
367 2340 769 2406 subpapillatam
801 2348 944 2386 arcte
976 2334 1382 2401 cingentibus.“
1437 2330 1647 2380 Aclzcer.
1681 2328 1735 2377 in
1761 2326 1915 2377 Berl.
1945 2325 2111 2394 IWag.

226 2408 263 2459 l.
296 2427 342 2459 c.
366 2428 421 2477 ρ.
455 2427 538 2459 2o.
576 2407 683 2458 tab.
720 2401 890 2471 2.fig.
929 2420 1010 2454 22.
1049 2432 1107 2436 -
1150 2406 1284 2470 Syn.
1311 2421 1366 2469 ρ.
1416 2404 1527 2452 125.
1583 2398 1711 2462 (Sub
1780 2395 2111 2465 Pyrenula.)

366 2505 563 2555 Crescit
593 2504 646 2553 in
682 2502 890 2553 Guinea
909 2501 982 2549 ad
1001 2499 1250 2548 corticem
1287 2496 1608 2548 Tetracerae
1627 2493 1951 2562 polatoriae.
1982 2489 2113 2561 Asz.

370 2605 434 2654 V.
477 2607 690 2651 Tetra
713 2599 968 2648 cerae?
1009 2614 1082 2645 cr
1104 2615 1134 2646 o
1158 2613 1272 2646 cea
1305 2607 1334 2657 †
1367 2611 1380 2656 3
1421 2604 1592 2642 crusta
1616 2593 1866 2641 laminosa
1899 2589 2120 2658 pruino-

232 2692 292 2726 sa
330 2689 554 2731 crocea,
613 2670 851 2719 verrucis
893 2668 1108 2715 minutis
1153 2664 1489 2714 subseriatim
1534 2660 1956 2721 confluentibu8‚
1995 2676 2120 2725 apo-

231 2744 397 2796 thecii
435 2740 712 2790 subconici
752 2755 1049 2804 supremam
1087 2747 1288 2802 partem
1324 2735 1668 2784 incrassatam
1720 2733 1928 2781 demum
1956 2731 2122 2780 denu-

234 2815 405 2865 datam
438 2810 854 2876 punctisormem
888 2819 1032 2856 arcte
1078 2805 1432 2872 cingentibus.

379 2881 593 2930 Thallus
630 2890 967 2937 mustaceus,
1023 2876 1198 2925 tenuis
1242 2874 1533 2939 laevigatus
1588 2871 1778 2936 pruina
1820 2869 2120 2935 adspersus,

235 2969 407 3023 eaque
454 2952 658 3000 ahtersa
710 2948 940 3005 nitidus,
1006 2946 1202 2996 coloris
1243 2944 1533 2992 laetissime
1583 2941 1780 2991 crocei.
1852 2941 2125 2991 Verrucae

237 3025 555 3090 plerumque
618 3020 841 3068 seriatae
886 3017 1110 3066 lincolas
1151 3013 1414 3063 flexuosas
1441 3029 1638 3079 parum⁸
1667 3010 1883 3059 dilutius
1919 3009 2125 3058 colora-

242 3105 323 3143 tas
356 3091 534 3140 medio
568 3088 1026 3156 longitudinaliter
1071 3086 1552 3151 nigro-punctatas
1603 3081 1919 3130 reserentes,
1983 3081 2127 3141 Apo-

242 3164 419 3212 thecia
460 3159 676 3226 globosa
723 3160 808 3207 vel
867 3175 1069 3206 sursum
1122 3154 1441 3211 subcouiea,
1492 3153 1688 3200 sensim
1734 3166 1919 3216 parum
1956 3164 2127 3195 emer-

248 3232 443 3300 gentia.
496 3229 859 3278 Peritliccium
904 3245 1058 3290 supra
1092 3226 1434 3273 incrassatum
1473 3222 1637 3289 (quod
1671 3221 1826 3268 etiam
1860 3218 1912 3265 in
1951 3217 2129 3283 planta

250 3301 425 3353 Acha
447 3301 538 3347 rii
563 3299 808 3361 obtinet).
852 3297 1072 3362 Saepius
1108 3294 1457 3344 observantur
1486 3290 1764 3357 apolliccia
1800 3287 1923 3335 bina
1963 3286 2129 3351 magis

254 3373 502 3421 minusve
538 3380 789 3426 connata,
829 3384 962 3436 quae
1010 3366 1052 3412 si
1100 3366 1308 3430 integra
1378 3374 1531 3421 sunt,
1571 3377 1701 3426 apex
1756 3357 2046 3406 denudatus
2080 3355 2134 3402 in

259 3441 559 3493 summitate
588 3454 838 3488 verrucae
875 3435 1143 3502 ellipticus
1163 3434 1303 3483 binis
1335 3432 1546 3484 ostiolis
1578 3440 1785 3480 notatus
1817 3438 1916 3489 est,
1955 3425 2002 3476 si
2047 3440 2134 3476 ve·
