2163 3852
155 221 226 272 28
575 224 781 274 Ansam.
857 223 1240 271 sponocmws.
1314 196 1630 271 Cnoxnmi.

319 374 566 430 Frons
627 373 1015 443 fuscescens,
1085 372 1517 450 cartilaginea,
1590 374 1891 432 filiformis'
1948 375 2046 435 vel

157 451 363 533 plana,
410 454 659 511 linearis
672 495 689 524 ,
757 455 931 513 valde
974 476 1225 513 ramosa
1265 456 1611 534 pinnatave.

538 582 576 620 1.
649 583 1142 622 SPOROCHNUS
1199 583 1668 622 ACULEATUS·

296 670 348 718 S.
384 668 578 717 fronde
615 670 727 720 basi
765 671 968 738 lignosa
1016 671 1168 721 brevi
1205 670 1396 730 tereti,
1454 671 1629 721 antice
1666 671 1834 721 divisa
1873 670 1926 720 in
1963 688 2046 720 ra-

152 751 270 786 mos
306 739 686 806 cartilagineos
725 742 909 807 planos
945 741 1176 791 lineales
1220 758 1446 792 enetves
1480 741 1760 809 repetito-
1782 741 2041 822 pinnatim

154 824 396 857 ramosos
435 827 665 876 sparsos,
703 827 810 861 non
849 829 971 861 rano
1008 811 1167 861 binos
1202 821 1529 880 ternosque,
1587 812 1869 878 primalios
1911 812 2049 861 inte-

153 879 453 943 geirimos.
524 881 744 931 ultimos
779 882 1019 950 maigine
1055 883 1284 946 primum
1334 881 1732 949 penicillilenos
1772 899 1897 931 mox
1936 880 2047 949 spi-

152 947 403 1007 nulosos‚
459 951 627 1014 spinis
660 952 1043 1019 approximatis
1076 951 1333 1002 subulatis
1372 952 1592 1002 erectis.

303 1034 473 1086 Turn.
528 1035 668 1088 Hist.
726 1048 761 1088 t.
812 1042 926 1104 187.
985 1037 1136 1092 Flor.
1206 1037 1359 1090 Dan.
1389 1049 1424 1089 t.
1461 1040 1563 1091 35
1641 1036 1860 1092 ΞῐαεῘίΙι.
1912 1037 2045 1090 Ner.

357 1105 506 1158 Brsstt
552 1116 590 1158 t.
627 1110 676 1158 8.
734 1107 868 1178 Esp.
908 1119 949 1159 t.
990 1119 1075 1177 49.
1115 1110 1204 1162 53.

290 1197 374 1246 Fi
390 1214 509 1245 ons
544 1195 679 1248 duos
714 1197 778 1248 ad
808 1210 920 1247 tres
952 1198 1123 1278 Pedes
1157 1198 1344 1267 longa,
1387 1201 1570 1250 colore
1595 1197 1771 1248 flavo·
1788 1197 2050 1259 oHvaceo,

152 1265 416 1316 exsiccata
450 1266 766 1335 nigrescens
795 1281 849 1319 et
881 1269 1032 1334 apice
1062 1269 1398 1326 fuscescens,
1439 1269 1618 1334 juniot
1647 1269 1914 1318 inte1dum
1944 1285 2049 1317 am-

150 1336 256 1402 plis
289 1310 805 1404 progeriiiinantium
845 1338 998 1388 filori·
992 1358 1057 1387 m
1101 1306 1610 1389 confetvoiileorum
1642 1339 1912 1406 penicillis
1957 1355 2048 1388 co-

149 1416 305 1455 mata.
393 1408 525 1473 Ejus
563 1410 821 1476 gmgylos
853 1410 1056 1458 nemini
1091 1410 1386 1458 adhucdum
1421 1409 1606 1458 videre
1638 1408 1901 1477 contigit,
1938 1408 2049 1458 nisi

149 1476 274 1525 heic
317 1478 600 1528 ieseienda
635 1481 951 1547 corpuscula
981 1481 1201 1530 minima
1233 1479 1550 1547 Ρμίῐοτῐῃὶει
1590 1480 1730 1529 intra
1766 1479 1916 1546 ipsos
1953 1495 2051 1547 pe-

147 1546 364 1598 nicillos
387 1548 688 1601 latitantia.

290 1634 358 1686 In
414 1636 556 1686 mari
593 1632 917 1689 Brasiliensc
971 1637 1168 1689 lectum
1205 1638 1623 1688 communicavzt
1675 1637 1746 1689 cl.
1795 1634 2043 1689 Tilesius.

152 1701 360 1757 Forsan
399 1707 736 1758 advectitius.

756 1876 927 1920 XXIII.
971 1873 1292 1921 CHONDRIA
1333 1888 1416 1923 Ae.

318 1971 359 2029 S
375 1993 416 2052 Ρ
435 1993 473 2031 o
492 1994 523 2029 r
539 1992 574 2028 a
589 1993 631 2028 n
648 1992 684 2050 g
702 1971 721 2028 i
737 1993 772 2028 a
815 1993 852 2050 g
870 1995 906 2030 o
921 1972 1145 2052 110yll
1163 1995 1189 2030 5
1233 1993 1318 2054 py
1303 1970 1674 2030 riformibus
1709 1967 2043 2050 pedicella-

146 2053 226 2113 tis
271 2056 506 2148 repleta
550 2067 611 2110 et
651 2069 1003 2148 Praeterea:
1052 2076 1079 2111 5
1096 2076 1136 2135 Ρ
1156 2077 1191 2113 o
1208 2078 1238 2111 1
1253 2077 1288 2111 a
1302 2076 1334 2111 e
1377 2053 1471 2113 vel
1511 2075 1549 2132 g
1567 2075 1602 2111 ο
1619 2076 1660 2111 n
1679 2075 1715 2132 g
1730 2074 1770 2132 y
1785 2052 1843 2109 11
1885 2050 2035 2110 nudi

146 2138 371 2194 ternati
416 2136 685 2194 immersi
727 2136 912 2194 ramis
957 2137 1039 2196 th
1055 2136 1196 2195 alli
1239 2136 1539 2195 frondosi.

311 2221 356 2275 F
376 2241 405 2275 r
421 2241 456 2276 o
473 2240 512 2274 n
531 2238 558 2275 s
635 2219 927 2276 continua
990 2233 1092 2275 aut
1158 2240 1225 2275 31
1228 2219 1480 2277 tlculata
1496 2259 1512 2287 ,
1600 2213 2038 2285 subfilisormiS,

147 2300 311 2358 varie
356 2320 635 2366 ramosa,
684 2299 1146 2383 subgelatinoso
1168 2335 1190 2347 -
1214 2300 1629 2378 cartilaginea.

281 2408 570 2459 Observ.
646 2408 921 2473 Generum
953 2409 1292 2459 characteres
1326 2407 1391 2458 de
1423 2407 1627 2475 duplici
1662 2404 2036 2456 fructificatio-

145 2478 229 2528 nis
266 2478 448 2528 indole
486 2478 757 2528 desumtos
811 2478 914 2543 ipsi
963 2478 1138 2529 videri
1193 2479 1523 2546 incongruos
1568 2477 1899 2544 minimeque
1947 2475 2038 2525 ad·

142 2549 408 2598 bibendos
442 2548 498 2597 in
534 2548 733 2598 litteris
766 2558 948 2598 monet
981 2548 1106 2598 clar.
1145 2553 1486 2608 Merten5‚
1527 2547 1676 2612 cujus
1715 2548 1817 2596 viri
1853 2557 2037 2597 aucto-

141 2620 324 2678 ritati,
365 2620 505 2668 inter
531 2617 827 2686 Algologos
860 2635 1119 2670 summae.
1161 2635 1254 2667 cur
1288 2618 1387 2667 hac
1427 2618 1482 2666 in
1513 2635 1574 2666 re
1608 2635 1715 2666 non
1755 2617 2037 2683 obtempe-

142 2707 348 2746 remus,
414 2689 678 2737 rationem
739 2688 932 2737 addere
988 2689 1283 2738 consultum
1338 2688 1635 2738 videbatur.
1741 2690 1816 2736 Ea
1857 2699 2034 2736 autem

142 2759 299 2808 amici
333 2758 765 2806 aestumatissimi
801 2770 880 2807 est
914 2759 1213 2807 sententia:
1271 2769 1581 2825 utramque,
1622 2775 1777 2825 quam
1818 2757 2036 2823 dupli-

142 2847 282 2878 cem
337 2829 551 2886 dicunt,
627 2829 681 2876 in
725 2829 890 2877 certis
928 2828 1180 2896 Algarum
1222 2829 1506 2895 speciebus
1558 2827 2032 2878 fructificationem

142 2900 219 2948 nil
255 2899 480 2957 sistere,
553 2898 658 2947 nisi
692 2899 929 2963 ejusdem
968 2899 1155 2966 organi
1193 2899 1404 2948 diversa
1446 2899 1621 2966 quoad
1663 2899 2032 2948 evolutionem

143 2970 342 3028 stadia,
383 2968 455 3016 ita
493 2979 546 3015 ut
582 2968 788 3017 minora
828 2969 1069 3018 minusve
1107 2969 1353 3034 perfecte
1393 2970 1674 3018 efformata
1708 2967 2029 3035 corpuscula

145 3057 243 3106 pro
280 3039 610 3105 reliquorum
650 3039 839 3087 haberi
879 3039 1227 3103 primordiis,
1282 3050 1441 3107 atque
1475 3038 1851 3097 differentiae,
1901 3056 2031 3106 quas

147 3121 423 3167 notamus,
467 3108 602 3157 haud
641 3110 744 3174 ipsi
778 3120 996 3158 naturae
1037 3110 1130 3158 sed
1167 3110 1599 3159 observationum
1640 3110 1818 3176 potius
1852 3109 2034 3158 desce-

147 3181 224 3227 tui
263 3179 490 3227 debeant
526 3180 760 3228 attribui.
849 3182 1096 3228 Attamen
1133 3179 1311 3228 multis
1350 3180 1526 3248 iisque
1561 3180 1656 3229 sub
1692 3179 1898 3245 optimo
1935 3179 2033 3227 mi·

146 3250 434 3313 οιυεοοΡίΟ
466 3249 568 3296 iter
574 3250 670 3298 'ilis
706 3250 1169 3299 observationibus
1199 3250 1357 3300 nobis
1388 3249 1600 3317 quidem
1637 3259 1876 3308 constat,
1915 3267 2032 3299 cer-

146 3334 226 3369 tas
264 3338 405 3386 spor.
393 3339 448 3366 an·
458 3340 477 3362 ι
490 3338 536 3365 m
575 3332 620 3367 ιτ
665 3338 785 3386 gwn
774 3319 1011 3386 gylmum
1046 3319 1243 3369 formas
1278 3321 1350 3369 ita
1381 3337 1500 3369 esse
1539 3332 1866 3386 comparatas
1889 3355 1901 3376 ‚
1976 3330 2033 3368 ut

148 3391 199 3439 in
240 3408 296 3440 se
333 3389 566 3437 inuicem
608 3391 798 3438 mutati
840 3392 923 3438 vix
963 3407 1021 3438 ac
1071 3408 1135 3439 ne
1176 3390 1265 3438 vix
1304 3391 1522 3459 quidem
1569 3390 1805 3454 possint,
1868 3390 2029 3440 immo

147 3479 234 3509 eas
273 3471 327 3509 ct
362 3461 465 3507 situ
505 3470 558 3508 et
589 3477 665 3506 su
656 3478 746 3525 na
781 3459 998 3508 thallum
1039 3459 1421 3510 distributione
1458 3460 1748 3527 originitus
1783 3458 2032 3511 differre.

144 3531 405 3595 Exemplo
444 3530 548 3578 sint
577 3529 796 3596 granula
832 3530 1152 3596 subglobosa
1189 3541 1397 3581 teinata
1425 3529 1834 3588 Chondriarum‚
1877 3544 2032 3597 quae,

145 3601 201 3648 in
232 3599 504 3649 nonnullis
545 3600 830 3666 speciebus
860 3600 1056 3649 diutius
1089 3599 1366 3668 indagata,
1407 3599 1675 3666 simplicia
1712 3610 1871 3668 atque
1907 3617 1935 3647 3
1974 3615 2033 3648 se

146 3670 379 3720 invicem
422 3670 654 3720 discreta
704 3670 854 3720 thalli
897 3670 1226 3721 substantiae
1279 3672 1352 3722 ita
1398 3669 1718 3723 videbantur
1762 3671 2032 3731 immersa,
