2163 3852
251 150 323 206 82
870 139 1174 190 Licnmms.
1247 136 1517 189 Gau-ms.

370 343 375 352 ,
424 292 830 378 Apothecium
886 310 1188 348 emersum
1240 287 1814 369 simpliciusculum,
1867 290 2138 372 perithe.

263 382 360 441 cio
417 381 687 454 integro,
743 371 1269 451 longitudinaliter
1319 372 1570 440 rimato,
1643 372 1889 452 saepius
1932 373 2142 434 hiante

262 465 500 521 discum
548 457 734 537 plano
755 490 778 501 -
794 454 1266 513 canaliculatum
1294 451 1699 510 suffulciente.

401 577 643 627 Adnot.
722 571 928 622 Differt
975 570 1110 620 haec
1161 569 1333 619 sectio
1386 588 1414 619 a
1463 568 1650 636 priore
1688 568 1957 634 imprimis
1994 569 2143 637 peri*-

259 648 432 698 thecii
468 646 586 695 basi
625 645 868 708 integr33
919 652 1198 708 praeterea
1236 639 1471 688 emersio
1511 638 1938 706 peritheciorum
1962 676 1977 700 ,
2015 640 2147 691 licet

258 717 484 767 minoris
502 714 790 775 momenti,
829 711 1161 763 constantior
1190 721 1270 758 est
1302 709 1743 776 praecedentium
1775 710 2142 761 immersione.

399 824 632 874 Nuclcus
680 821 735 869 in
775 819 1021 870 omnibus
1061 836 1087 866 a
1127 817 1431 884 perithecio
1466 815 1606 865 bene
1643 815 1932 866 distinctus
1968 833 2147 885 neque

257 896 417 946 ullius
469 891 674 958 speciei
736 889 1015 956 apothecia
1069 889 1211 936 intus
1268 887 1525 937 similaria
1573 895 1727 943 sunt,
1787 896 1846 934 ut
1895 886 2142 938 referunt

258 966 610 1015 Acharius
657 960 875 1028 aliique.
937 961 1131 1009 Forma
1170 958 1347 1007 nuclei
1390 957 1443 1004 in
1484 955 1759 1005 nonnullis
1801 955 2024 1023 quidem
2062 973 2147 1022 cy·

255 1036 524 1094 lindriCa,
580 1031 636 1079 in
687 1028 936 1096 plurimis
990 1046 1118 1079 vcro
1170 1039 1223 1077 et
1272 1025 1693 1095 perfectissimis
1728 1025 1943 1075 inferne
1981 1045 2142 1095 angu-

254 1117 386 1154 stata
432 1114 484 1152 et
533 1116 765 1166 superne
818 1115 938 1147 cum
986 1097 1288 1163 peritheeio
1335 1098 1554 1157 rimata,
1607 1096 1734 1145 hinc
1784 1097 1841 1145 in
1895 1097 2144 1148 sectione

253 1172 497 1224 verticali
535 1170 754 1220 cordata
792 1185 1085 1234 apparens,
1127 1185 1260 1234 quae
1300 1179 1520 1216 econtra
1575 1167 1630 1215 in
1686 1166 2143 1233 Oxystomate

251 1256 441 1296 nostro
481 1258 686 1292 sursum
722 1249 1023 1306 angustata,
1065 1237 1315 1286 deorsum
1352 1237 1564 1286 dilatata
1603 1246 1701 1286 est.

391 1331 590 1381 Discus
627 1329 682 1378 in
720 1327 996 1395 plerisque
1034 1324 1225 1376 adultis
1265 1325 1482 1384 obvius,
1521 1322 2140 1393 plano-canaliculatus‚

250 1401 553 1470 perithecio
607 1399 962 1466 marginatus‚
1014 1396 1143 1445 alias
1191 1397 1483 1463 praecipue
1535 1398 1589 1444 in
1641 1393 1988 1445 brevioribus
2025 1394 2140 1463 pla-

248 1491 351 1522 nus
400 1484 454 1521 et
502 1469 944 1521 convexiusculus
999 1467 1400 1534 immarginatus
1453 1468 1510 1515 in
1555 1465 1734 1516 medio
1786 1462 2004 1532 saepius
2055 1464 2139 1515 di-

250 1544 463 1594 latatus.
2113 1611 2117 1613 ‚

396 1626 694 1696 Apothecia
730 1625 897 1691 magis
935 1623 1176 1674 minusve
1213 1624 1483 1690 elongata,
1524 1623 1976 1691 praecedentibus
2012 1622 2140 1674 bre-

247 1701 432 1760 viora,
475 1698 701 1749 subinde
740 1695 980 1761 elliptica
1034 1706 1087 1743 et
1137 1695 1492 1753 orbicularia,
1567 1695 1882 1764 plerumque
1932 1694 2140 1762 simpli-

251 1772 369 1829 cia,
424 1770 599 1817 rarius
647 1784 857 1815 ramosa
910 1764 995 1813 vel
1056 1781 1085 1814 e
1134 1765 1379 1831 pluribus
1420 1762 1814 1814 confluentibus
1850 1783 2026 1815 ramos
2064 1765 2137 1814 si-

250 1840 540 1895 mulantia,
599 1836 836 1905 globosis
905 1835 1120 1897 saepius
1174 1853 1329 1902 quam
1376 1834 1431 1882 in
1485 1836 1726 1884 sectione
1778 1835 2138 1902 praecedente

250 1908 598 1968 intermixtis,
640 1923 774 1974 quae
802 1904 870 1954 ob
899 1904 1258 1969 perithecium
1275 1905 1541 1971 integrum
1570 1905 1851 1954 transitum
1875 1905 1929 1954 in
1967 1906 2157 1958 Ver-¹

249 1979 582 2029 rucariae
637 1976 934 2026 sectionem
982 1974 1265 2024 secundam
1316 1975 1583 2036 indicant3
1640 1976 1718 2025 sic
1769 1992 1986 2043 quoque
2024 1977 2134 2027 Gr.

247 2050 481 2100 aurita
529 2047 738 2096 luxurie
791 2045 1086 2094 formarum
1124 2044 1411 2110 singulari,
1456 2044 1711 2095 similiter
1749 2061 1809 2096 ac
1846 2047 2140 2112 Pyrena-

249 2130 471 2169 strum
510 2116 733 2167 album
766 2133 902 2165 var.
944 2127 1393 2176 coronatum,
1433 2116 1645 2183 gaudet.

392 2206 612 2273 Species
674 2219 889 2272 quoque
927 2202 983 2251 in
1035 2201 1134 2250 hac
1186 2203 1426 2252 sectione
1482 2214 1774 2255 occurrunt
1837 2203 2138 2271 apotheciis

245 2276 404 2327 nudis
460 2278 590 2326 atris
642 2274 728 2323 vel
777 2283 944 2322 strato
998 2271 1234 2321 thallode
1291 2274 1582 2340 propriore
1633 2274 1901 2325 discolore
1953 2275 2132 2337 tectis,

244 2364 474 2416 quorum
528 2345 821 2401 ulteriora,
887 2343 952 2392 ad
1005 2360 1198 2391 nexum
1247 2358 1369 2392 cum
1416 2345 1864 2410 praecedentibus
1903 2362 2134 2414 sequen-

245 2419 411 2479 dum,
473 2414 881 2481 anteponimus3
939 2413 1046 2462 Gr.
1104 2412 1589 2482 chrysocarpa
1640 2427 1841 2466 stroma
1878 2418 2134 2484 Trype-

243 2487 769 2537 theliacearum
807 2482 1200 2551 quodammodo
1240 2483 1426 2533 refert.

451 2595 483 2647 ’ἲ
524 2588 953 2660 Apotheciis
1010 2600 1240 2638 strato
1296 2589 1405 2638 vel
1443 2589 1775 2642 thallode
1809 2593 1922 2645 vel

807 2677 1180 2727 discolore
1234 2676 1574 2729 obtecti&

702 2844 769 2884 11-
827 2849 1157 2888 GRAPIIIS
1201 2851 1574 2887 112121N1'rA.
1622 2843 1653 2895 †

382 2966 476 3016 Gr.
508 2975 717 3025 cerata,
758 2963 1213 3032 glauco-cinerea
1236 2964 1614 3028 nitidiuscula,
1654 2964 1954 3034 apotheciis
1978 2985 2124 3037 mag-

239 3035 325 3085 nis
364 3035 626 3104 elongatis
667 3035 878 3092 densis,
928 3034 1237 3100 cylindricis
1275 3046 1329 3084 et
1366 3034 1794 3103 subcompressis
1820 3074 1834 3097 ,
1887 3038 2126 3089 subdivi-

240 3107 346 3166 sis‚
401 3123 428 3154 a
482 3116 645 3154 strato
701 3104 934 3155 thallode
983 3104 1331 3159 nitidiusculo
1383 3105 1652 3170 obtectis,
1703 3106 1916 3157 demum
1961 3126 2121 3176 supra

239 3175 522 3227 denudatis
561 3175 710 3226 atris.

378 3262 596 3312 Thallus
634 3273 972 3321 mustacem,
1011 3260 1273 3312 latissime
1314 3261 1515 3312 effusus
1543 3300 1556 3322 ‚
1598 3263 2120 3330 cinereo-glauces-

236 3347 365 3384 cens
391 3370 404 3394 ,
443 3332 691 3381 humidus
728 3333 1030 3390 virescens,
1088 3349 1205 3380 cum
1247 3334 1448 3382 cortice
1488 3333 1993 3402 plicato-rugosus,
2035 3354 2118 3385 sa-

237 3404 307 3453 tis
345 3419 586 3463 crassus,
627 3414 930 3453 constanter
964 3401 1370 3461 nitidiusculus,
1420 3421 1519 3470 pro
1559 3404 1757 3467 majore
1797 3416 1945 3470 parte
1982 3423 2110 3471 apo-

231 3472 431 3522 theciis
480 3483 720 3523 onustus,
791 3471 1088 3538 Apothecia
1143 3472 1440 3539 simplicia,
1494 3473 1666 3523 rarius
1705 3473 1902 3535 bifida,
1960 3474 2113 3525 valde
2159 3491 2163 3552 3

209 3541 505 3604 flexuosa,
565 3541 776 3611 turgida
823 3552 876 3592 et
929 3542 1253 3604 incrassata,
1305 3543 1370 3594 ad
1413 3542 1573 3593 finem
1624 3542 1843 3608 obtusa,
1894 3545 2106 3613 saepius
