2163 3852
687 96 998 165 lizenum
1061 94 1375 165 Amnem&
1862 96 1970 176 114,

97 249 391 316 specimine
416 245 708 299 obveniunt
733 244 1058 296 subrotunda
1096 245 1532 310 convexiuscula‚
1568 248 1805 315 margine
1835 250 1973 306 thal..

91 318 217 369 lode
269 319 353 369 vix
397 319 539 378 ullo,
577 328 635 365 ut
669 315 733 365 ab
771 316 1112 378 Arthonia
1151 316 1306 368 citata
1342 315 1432 366 vix
1472 315 1578 366 nisi
1616 330 1792 368 crusta
1825 337 1970 372 cras-

28 434 32 438 .
89 390 234 438 siore
272 387 676 454 distinguantur.
761 384 1016 445 Accedit,
1077 384 1141 434 ad
1190 384 1326 436 hanc
1371 384 1683 436 affinitatem
1736 390 1970 456 proban-

86 457 204 506 dam
225 458 239 515 ,’
275 458 455 507 thecas
483 472 616 523 quae
645 455 699 504 in
731 456 1282 523 Leiogrammate
1319 455 1478 506 citato
1517 467 1599 506 ter
1641 457 1704 506 ad
1757 461 1967 524 nonies,

89 528 145 576 in
181 527 517 576 Arthonia
554 536 733 574 nostra
777 542 905 575 vero
955 525 1121 575 semel
1160 525 1433 574 annulatae
1465 539 1610 586 sunt,
1653 528 1707 576 in
1737 529 1854 580 istis
1890 530 1967 579 in-

87 596 363 647 termediis
404 607 708 648 constanter
748 604 831 645 ter
862 595 1130 645 annulatas
1158 594 1382 644 subinde
1424 597 1559 647 ascis
1596 599 1763 649 ovatis
1798 600 1966 652 inclu-

86 684 167 718 888
196 683 332 718 (3880.

493 807 542 849 2.
583 811 976 850 ARTHONIA
1017 809 1543 848 POLYMORPHA.

224 917 286 967 A.
325 926 503 968 crusta
533 916 1037 966 submembranaoea
1073 914 1669 968 albido-cinerascente
1698 920 1965 973 olivaceo..

86 987 351 1055 variegata
372 1023 383 1043 ,
423 988 715 1052 apollicciis
756 987 959 1053 magnis
1006 985 1334 1035 subi-otundo
1353 1020 1373 1028 -
1392 986 1732 1042 difformibus
1760 994 1963 1044 caesio-

82 1057 382 1126 pruinosis,
421 1056 652 1106 humidis
676 1057 997 1106 tumentibus
1030 1055 1388 1107 tuberculosis
1419 1059 1565 1108 atris.
1857 1057 1879 1083 ἲ

217 1144 426 1196 Achar.
459 1142 596 1213 Syn.
626 1163 684 1211 J)-
712 1164 762 1211 7.-
1058 1188 1063 1198 f
1960 1217 1962 1219 Ι

215 1233 366 1284 Icon.
402 1231 493 1283 sel.
527 1243 778 1303 cry-ptog.
810 1233 920 1287 tab.
954 1250 1004 1301 9.
1032 1228 1142 1303 fig.
1174 1233 1223 1286 3.
1254 1263 1322 1272 -
1358 1232 1505 1304 Syst.
1538 1234 1696 1287 Liclz.
1721 1235 1833 1309 fig.
1867 1259 1962 1312 20.

287 1306 614 1370 (anatomia.)

214 1394 430 1444 Thallus
460 1394 790 1454 mustaceus,
829 1392 1035 1442 albidus
1081 1404 1132 1443 et
1175 1392 1392 1442 sordide
1431 1395 1960 1468 olivaceo-variega.

76 1475 189 1523 tus,
226 1459 706 1531 nigro-limitatus,
747 1465 960 1512 omnino
993 1463 1133 1512 idem
1164 1465 1252 1530 qui
1284 1462 1508 1514 confinis
1551 1467 1953 1534 Graphidis.

81 1533 377 1600 Apothccia
426 1535 566 1583 sicea
610 1533 1057 1593 suboi‘biculariQ
1109 1533 1366 1582 diametro
1419 1535 1536 1584 sere
1581 1536 1850 1589 dimidiam
1892 1543 1956 1590 li-

78 1621 229 1653 neam
256 1616 543 1671 aequante,
596 1605 749 1670 plana
782 1615 836 1652 et
868 1603 1303 1664 convexiuscula‚
1354 1606 1440 1653 vel
1474 1606 1834 1673 immarginata
1873 1613 1958 1663 vel

76 1675 209 1741 rima
233 1674 560 1724 solummodo
596 1673 828 1723 thallode
864 1674 1038 1723 cincta
1078 1674 1165 1723 vel
1212 1674 1448 1743 margine
1492 1679 1779 1742 conspicue
1824 1681 1956 1731 thal-

76 1743 200 1794 lode
241 1743 657 1794 Lecanorae
708 1744 927 1808 similia3
987 1743 1169 1793 eadem
1221 1745 1516 1797 humectata
1564 1750 1817 1799 tumentia
1860 1751 1955 1801 he-

75 1813 426 1880 misphaerica
458 1826 510 1863 ct
542 1815 885 1881 subglobosa,
928 1815 1444 1882 elevato—punctam.
1519 1816 1730 1866 Thecae
1764 1821 1955 1887 quinae

80 1896 399 1951 septcnacve
453 1884 1090 1952 oblongo-cylindricae,
1143 1886 1396 1938 undecies
1428 1887 1493 1938 ad
1526 1888 1834 1955 quindecies
1863 1910 1954 1943 an-

71 1955 310 2014 nulatae,
351 1955 486 2005 ascis
522 1955 901 2022 pyrisorinibus
932 1954 1183 2006 inclusae.
1951 1988 1954 1991 «

18 2075 21 2078 ,
212 2023 417 2074 Crescit
455 2026 526 2074 ad
570 2026 819 2075 corticem
864 2023 1243 2092 Rhizoplzorae
1277 2023 1541 2095 Mangles
1567 2036 1616 2077 et
1648 2025 1953 2100 Conocarpi

79 2094 339 2144 racemosi
388 2113 560 2163 prope
606 2095 876 2159 Bedaium,
943 2089 1173 2158 confinis
1220 2095 1489 2164 Grctplzidi
1536 2097 1954 2164 pulverulentae

70 2181 187 2213 var.
230 2164 568 2229 maculatae,
608 2165 956 2216 Pertusariae
998 2167 1268 2217 communi
1307 2185 1425 2217 var.
1469 2167 1775 2235 Iutescenti,
1825 2172 1952 2222 Ver..

68 2235 320 2284 rzzcaricze
347 2237 585 2300 cerinae,
628 2235 966 2305 Pyrenastro
993 2235 1116 2286 albo
1149 2247 1200 2286 et
1233 2237 1489 2288 varietati
1513 2237 1676 2289 alleri
1691 2243 1954 2310 sequenti,

67 2303 433 2356 substellatae.
636 2304 643 2312 ’

178 2376 444 2427 ,Αᾶηοῑ.
529 2375 783 2426 Ast'initas
840 2378 1085 2443 proxima
1142 2376 1297 2443 hujus
1349 2376 1555 2429 formae
1610 2381 1678 2431 ob
1728 2381 1951 2434 thallum

71 2443 364 2496 identicum
404 2463 518 2495 cum
560 2449 688 2495 Gra
707 2446 916 2513 phide
956 2448 1115 2497 citata
1149 2446 1378 2506 confini,
1422 2450 1548 2498 lieet
1572 2450 1624 2498 in
1652 2453 1765 2516 plus
1789 2471 1948 2521 quam

69 2515 255 2567 decem
310 2517 695 2584 speciminibus
745 2535 1002 2585 nusquam
1062 2517 1468 2583 apotlieciorum
1517 2523 1794 2571 transitum
1836 2512 1949 2572 mu-¹

66 2596 213 2635 tuum
250 2588 337 2637 vel
389 2588 572 2636 eadem
626 2605 692 2635 ex
731 2588 887 2638 unius
930 2588 1089 2637 [hallo
1128 2589 1184 2636 in
1223 2588 1448 2637 alterum
1485 2592 1602 2657 (qui
1641 2605 1951 2645 constanter
1977 2604 2010 2614 *¹

66 2655 266 2706 lineola
322 2657 473 2723 nigra
537 2658 766 2723 sejuncti
829 2658 981 2718 sunt)
1038 2658 1356 2725 emigrantia
1409 2660 1757 2712 observarim.
1832 2665 1950 2714 Alia

67 2727 361 2778 similitudo
401 2744 519 2776 cum
570 2731 609 2775 P
635 2739 1006 2792 yrenastro
1057 2727 1247 2788 albo,
1311 2728 1459 2795 cujus
1501 2731 1717 2798 quidem
1756 2732 1947 2783 thallus

65 2795 339 2858 diversu5‚
380 2798 656 2865 apothecia
710 2815 840 2847 vero
900 2799 1169 2858 abortiva,
1221 2798 1299 2846 uti
1352 2801 1632 2862 videntur,
1684 2804 1739 2850 in
1780 2804 1946 2855 thallo

68 2867 453 2933 Graphidis
491 2869 576 2919 vel
611 2873 654 2917 A
670 2864 990 2918 rthoniae
1026 2881 1240 2918 nostrae
1278 2868 1404 2919 alias
1427 2871 1600 2920 sterili
1632 2871 1940 2923 obveniunt.

61 2935 144 2987 Ad
184 2937 412 3003 primum
466 2939 591 2987 dein
641 2950 914 3005 aspectum
951 2939 1231 3005 apothecia
1268 2939 1524 3005 majorem
1560 2940 1757 2991 habent
1796 2944 1946 2993 simi-

59 3005 341 3057 litudinem
391 3023 508 3057 cum
560 3008 781 3059 vetustis
833 3010 1084 3059 convexis
1132 3009 1485 3061 Lecideae
1537 3029 1939 3078 parasemae

61 3077 119 3126 in
157 3078 351 3127 iisdem
401 3079 695 3127 corticibus
743 3078 990 3146 degentis
1046 3080 1286 3148 quamvis
1336 3080 1389 3128 in
1428 3083 1628 3131 nostris
1666 3100 1774 3132 non
1814 3101 1937 3134 con·

59 3144 221 3208 finis,
261 3164 395 3216 quae
426 3165 558 3198 vero
606 3149 765 3198 thallo
815 3149 1009 3215 gaudet
1058 3150 1269 3201 diverso
1308 3151 1601 3218 granulato.
1674 3154 1939 3222 Equidem

61 3231 170 3266 non
210 3218 401 3268 desunt
441 3220 680 3284 exempla
709 3256 721 3280 ,
763 3235 931 3288 eaque
966 3220 1439 3288 frequentissima„
1493 3222 1547 3271 in
1595 3223 1789 3290 quihus
1839 3243 1938 3274 una

63 3303 184 3337 cum
222 3287 518 3355 apotheciis
557 3288 747 3338 thallus
785 3290 1129 3340 deformatur.

197 3358 259 3407 A.
315 3358 809 3426 polymorpha,
861 3360 1245 3422 maculan53
1299 3372 1474 3417 crusta
1507 3360 1935 3410 submembrana·

56 3439 154 3476 cea
204 3428 609 3488 cinerascente‚
666 3430 963 3495 apotheciis
1016 3429 1362 3497 planiusculis
1412 3430 1705 3480 latiusculis
1747 3431 1936 3483 diffor-

57 3497 217 3547 miter
252 3498 524 3567 angulosis
561 3498 879 3566 repandisve
918 3500 1445 3566 elevato-punctatis
1469 3502 1637 3558 attis„
