2163 3852
537 96 840 148 Lxcnmms.
877 92 1338 152 Tarmia-nemum.
1368 151 1379 158 ξ
1788 109 1898 166 155

144 243 383 298 Adnot.
455 246 860 314 Pyrenulae
911 246 1072 298 Aah.
1122 244 1526 317 copulationem
1574 266 1695 303 cum
1730 249 1901 307 Ver.

2 317 298 367 rucaria
338 316 688 368 neccessario
751 317 999 386 sequitur
1051 319 1214 369 altera
1253 321 1737 389 Opthalmi-dii
1777 341 1900 377 cum

3 387 518 453 'I'rypetheli03
568 403 633 436 ex
673 388 858 436 cadem
897 388 1137 455 analogia
1185 400 1472 461 utrumque
1509 403 1565 442 ut
1602 392 1902 446 sectionem

5 457 325 508 retinemus,
399 456 731 507 Differentia
779 475 843 507 ex
891 459 1299 524 apotlneciorum
1343 463 1694 513 immersione
1733 464 1908 525 (inter

16 527 512 579 Verrucariam
570 539 621 576 et
669 527 1122 591 Pyr-enulam)
1195 529 1250 578 in
1318 532 1403 582 his
1456 534 1674 601 quidem
1729 534 1903 598 deest,

6 597 124 663 ejus
152 615 283 649 vero
318 598 494 648 locum
543 608 668 664 post
719 597 862 646 illam
914 615 942 648 e
990 598 1282 665 perithecii
1330 603 1643 671 integritate
1684 618 1911 674 occupat

5 669 173 718 altera
221 686 285 718 ex
326 685 549 717 numero
586 666 1089 732 apotheciorum-in
1123 669 1313 737 quovis
1352 684 1609 722 stromate
1652 677 1907 744 Trype-

5 737 225 788 thelii
263 737 380 788 fere
428 749 737 787 constanter
785 738 1008 803 plurali,
1078 739 1612 805 Ophthalmidii
1667 745 1907 810 plerum.

7 825 114 878 que
152 808 409 876 singulari
438 807 747 858 distinctum
786 808 941 874 hujus
981 810 1240 860 sectionis
1273 808 1514 862 habitum
1548 812 1852 867 efficiente.

147 880 359 929 Stroma
402 879 456 926 in
496 894 698 946 genere
748 879 958 947 integro
1008 880 1338 942 coloratum,
1388 883 1533 933 intus
1578 902 1606 931 a
1642 884 1792 935 1halli
1825 887 1910 936 in-

5 947 230 999 terioris
274 950 456 998 colore
492 967 681 1015 parum
716 949 1018 1012 diversum,
1074 960 1226 1001 extus
1276 952 1639 1004 communiter
1676 972 1910 1010 corneo-

7 1017 310 1068 induratum
340 1019 559 1085 opacius
603 1020 917 1070 coloratum.

148 1089 534 1140 Differentiam
576 1108 603 1139 a
636 1102 895 1159 sequente
926 1109 1127 1160 genere
1155 1092 1282 1144 huic
1309 1093 1708 1163 subjungemus.

149 1160 668 1211 Ocellulariam
737 1165 809 1211 M.
882 1163 951 1212 ob
1024 1181 1372 1230 synonymum
1447 1164 1914 1231 ophthalmi-

13 1227 198 1281 dium
236 1232 300 1280 ab
339 1242 560 1280 auctore
614 1230 985 1297 subjunctum,
1037 1251 1146 1283 non
1206 1252 1335 1285 vero
1386 1236 1678 1285 secundum
1728 1236 1916 1289 chara-

16 1313 192 1352 cteres
233 1301 469 1368 ejusdem
511 1301 789 1352 citavimus
828 1303 952 1362 (cfr.
995 1322 1154 1370 supra
1193 1305 1369 1355 adnot.
1409 1323 1462 1372 p.
1508 1308 1650 1368 122.)

157 1371 386 1440 Species
439 1370 620 1437 plures
675 1390 774 1438 pro
831 1375 1057 1439 Trype
1079 1374 1333 1424 theliis
1383 1376 1683 1442 descriptas
1721 1375 1784 1424 ad
1822 1391 1920 1444 ge-

15 1456 179 1491 nera:
247 1441 719 1502 Verrucaria‚
796 1443 1335 1507 Pyrenastrum‚
1399 1446 1918 1498 Porothelium

25 1522 84 1561 et
133 1512 672 1562 Astrothelium
709 1512 1106 1564 amandavimus
1144 1514 1458 1583 ibidemque
1529 1515 1915 1570 adnotavimus.

20 1583 108 1634 De
142 1581 308 1633 thallo
349 1582 610 1651 singulari
642 1583 797 1632 unius
832 1584 1042 1650 speciei
1081 1583 1185 1637 cfr.
1221 1586 1524 1637 sectionem
1561 1586 1801 1639 tertiam.

374 1731 603 1777 SECTIO
661 1729 702 1776 Ι.
764 1731 1444 1781 OPHTHALMIDIUM.
1503 1736 1538 1792 ἦ·

155 1838 305 1912 Syst.
338 1839 503 1893 Lich.
541 1860 599 1911 p.
652 1840 868 1912 18.sig.
912 1842 1000 1895 23.

154 1931 489 1998 Pyrenulae‚
528 1918 742 1983 Aclzar.
782 1931 820 1984 l.
866 1950 915 1987 c,
959 1931 1199 2002 species·

156 2021 531 2089 'I'rypelhelii‚
575 2019 666 2073 Fr.
712 2019 749 2073 l.
787 2039 833 2072 c,
872 2023 1109 2090 species.

156 2109 524 2178 Ocellulariae
546 2097 566 2174 ,Α
599 2109 767 2180 Mey.
804 2108 841 2160 l.
874 2128 920 2162 c.
959 2110 1197 2179 species,

178 2207 224 2266 S
244 2223 268 2267 t
283 2231 315 2266 1·
331 2232 367 2269 o
381 2233 442 2267 m
458 2230 494 2267 a
555 2209 1242 2290 subhemisphaericum,
1310 2209 1529 2273 fovens
1576 2233 1611 2271 a
1630 2232 1670 2295 p
1691 2234 1726 2271 o
1744 2227 1769 2272 t
1782 2212 1823 2272 h
1840 2232 1873 2272 e
1894 2248 1922 2275 ,-

18 2289 150 2429 gia
193 2290 598 2372 subglobosa,
645 2293 891 2376 saepius
936 2293 1212 2373 singula,
1255 2295 1585 2376 perithecii
1640 2296 1776 2357 basi
1818 2298 1923 2358 de-

62 2388 281 2434 ciente.

187 2486 241 2542 Τ
257 2484 299 2541 h
314 2482 383 2540 al
398 2482 513 2541 lus
556 2497 931 2543 crustaceus.

192 2661 234 2704 1·
281 2667 902 2707 TRYPETHELIUM
958 2665 1676 2709 nnmstnAnnmmvt.
1730 2660 1763 2714 ’ἒ

172 2784 265 2832 Tr.
305 2793 483 2832 crusta
522 2780 670 2831 tenui
710 2782 969 2849 pruinosa
1006 2782 1260 2844 evanida,
1300 2793 1556 2835 stromate
1594 2785 1801 2837 minuto
1837 2784 1936 2837 he-

36 2851 400 2920 misphaerico
436 2852 637 2919 pallide
674 2850 904 2914 flavido,
942 2854 1244 2920 apotheciis
1277 2853 1333 2903 in
1371 2856 1563 2925 quovis
1597 2856 1821 2925 singulis
1847 2857 1936 2908 vel

36 2924 182 2975 binis
222 2924 432 2973 demum
469 2924 871 2991 emergentibus
909 2923 1370 2988 fuscescentibuS‚
1407 2926 1610 2979 ostiolo
1649 2928 1936 2996 impresso.

176 3005 325 3076 Syst.
368 3003 531 3057 Lich.
583 3006 695 3058 tab.
738 3008 822 3059 23.

177 3105 396 3154 Thallus
426 3114 736 3154 crustaceus
773 3104 1122 3156 tenuissimus
1160 3105 1443 3161 evanidus.
1482 3121 1618 3168 nec,
1658 3105 1717 3156 ni
1752 3105 1930 3172 fallor,

37 3173 504 3242 hypophloeodes.
592 3176 802 3226 Stroma
854 3195 882 3225 a
932 3177 1097 3226 thallo
1145 3177 1366 3226 omnino
1421 3175 1764 3239 distinctum,
1824 3182 1937 3248 gla-

38 3245 227 3307 brum,
282 3245 1117 3312 depresso-hemisphaericum,
1173 3244 1239 3293 ad
1275 3244 1429 3294 basin
1464 3264 1652 3313 parum
1691 3264 1937 3318 angusta-

39 3326 181 3377 tum,
242 3314 421 3382 junius
488 3317 887 3372 punctifm-me,
950 3313 1161 3361 demum
1209 3330 1390 3364 semen
1440 3319 1725 3384 papaveris
1775 3322 1933 3371 adae-

40 3402 209 3455 quans
232 3421 245 3447 ‚
295 3402 326 3431 ρ
371 3374 667 3425 substantia
712 3375 1036 3432 flavescente
1075 3393 1296 3432 stratum
1331 3396 1494 3436 tenue
1528 3389 1674 3439 circa
1710 3390 1934 3455 apothe-

39 3455 123 3508 cia
183 3454 421 3507 sistente·
496 3444 799 3514 Apothecia
847 3450 904 3502 in
941 3451 1133 3522 quovis
1167 3463 1426 3508 stromate
1461 3460 1806 3527 utplurimum
1844 3477 1932 3514 so-
