2163 3852
149 75 221 129 90
771 75 1072 126 Licnmms.
1129 75 1395 128 Gnarms.

639 239 714 282 20.
773 248 1107 287 GnArxus
1149 248 1458 287 Avnt'rA.
1506 237 1540 290 ·l·

295 359 390 410 Gr.
429 370 602 408 crusta
636 358 786 408 tenui
824 359 1294 429 subpulverulenta
1344 361 1719 430 glaucescente
1742 396 1758 416 .
1806 361 2031 427 apothe-

149 425 255 478 ciis
290 427 582 478 linearibus
618 429 962 479 rectiusculis
1015 430 1349 498 simplicibus
1397 431 1526 481 atris
1577 447 1812 498 superne
1860 431 2033 481 utrin-

153 515 259 569 que
292 498 589 565 appendice
619 497 992 565 longitudinali
1027 500 1612 568 elevato-marginatis.

290 585 440 635 Icon.
475 583 570 634 sel.
607 596 864 656 cryptog.
901 588 1007 642 lab.
1044 608 1094 654 7.
1122 583 1237 656 fig,
1281 608 1326 640 ι.

291 674 655 726 Peritheeium
686 678 838 745 quasi
869 696 900 729 e
927 678 1096 728 tribus
1124 678 1441 745 pluribusve
1470 676 1827 744 compositum
1847 711 1861 736 ‚
1901 690 2034 743 quo-

149 763 265 795 rum
302 745 539 795 lateralia
577 763 886 813 compressa
925 750 1102 798 medio
1137 748 1323 815 majori
1362 748 1615 816 utrinque
1650 765 1748 812 pro
1791 745 2032 812 margine

151 815 424 882 duplicato
471 815 820 882 adglutinata‚
870 819 1011 867 intus
1063 835 1194 868 vero
1239 835 1407 878 cava,
1470 817 1713 867 abortiva
1763 816 2033 875 videntur,

150 886 323 955 qualis
363 884 768 936 deformationis
809 906 1152 957 progressum
1189 889 1243 936 in
1283 891 1715 953 Pyrenastro
1751 886 1912 935 albo
1947 885 2030 932 in-

146 958 231 1007 fra
267 956 625 1005 describendo
664 957 971 1008 distinctius
1030 958 1449 1008 observavimus,
1519 961 1706 1025 Margo
1742 955 1868 1005 hinc
1906 972 2034 1021 apo-

146 1026 314 1076 thecii
364 1025 616 1091 proprius
675 1026 1007 1092 duplicatus,
1059 1029 1335 1079 exteriore
1384 1027 1609 1086 altiore,
1663 1026 1929 1075 interiore
1960 1024 2036 1073 ri-

145 1113 287 1146 mam
327 1094 554 1144 mediam
593 1096 927 1147 occludente.
1002 1098 1155 1147 Licet
1202 1098 1336 1148 haec
1381 1109 1647 1147 structura
1684 1115 1790 1146 non
1827 1095 1883 1143 in
1921 1112 2035 1144 om-

147 1165 309 1216 nibus
361 1164 548 1215 eadem
599 1166 701 1226 sit,
765 1168 819 1215 in
872 1167 992 1216 aliis
1041 1168 1262 1218 omnino
1320 1167 1568 1227 deficiat,
1637 1167 1794 1234 plane
1855 1176 2034 1214 tamen

151 1237 363 1287 diversa
420 1246 502 1285 est
552 1235 615 1285 ab
668 1236 756 1286 illa
812 1237 1206 1304 Graphidis
1268 1236 1679 1304 duplicatae
1731 1254 1890 1302 supra
1938 1234 2033 1284 de-

150 1307 419 1373 scriptae,
480 1307 682 1374 quippe
737 1307 888 1372 cujus
939 1308 1347 1374 apotheciorum
1397 1324 1579 1373 margo
1629 1305 1963 1372 duplicatus,
2003 1323 2032 1354 a

143 1376 441 1444 perithecii
494 1377 658 1443 partis
709 1378 1008 1445 superioris
1059 1378 1405 1427 tenuissimae
1462 1375 1752 1426 inflexione
1814 1374 2034 1441 pendet.

144 1448 291 1498 Hinc
340 1453 395 1497 et
442 1445 510 1496 ob
564 1446 712 1496 thalli
768 1448 1251 1498 conformationem
1307 1448 1570 1499 diversam
1619 1465 1726 1496 non
1765 1444 2031 1494 dubitavi-

143 1534 291 1580 mus,
330 1535 359 1566 e
398 1516 695 1581 specimine
734 1518 951 1586 quidem
988 1518 1362 1568 insufficiente
1401 1529 1634 1568 nostram
1676 1535 1704 1566 a
1743 1514 2036 1582 Graphi-

146 1589 227 1639 de
286 1586 654 1654 duplicata
718 1589 875 1638 Ach.
927 1605 1029 1638 nec
1090 1607 1198 1639 non
1259 1607 1288 1637 a
1343 1590 1449 1639 Gr.
1503 1586 1823 1656 eleganti
1873 1584 2032 1635 Ach.

146 1661 263 1722 (En
284 1657 368 1725 gl.
416 1657 555 1707 bot.
611 1658 742 1708 tab.
806 1661 981 1721 1812.)
1037 1659 1405 1726 distinguere,
1479 1675 1596 1708 cum
1646 1667 1927 1724 praeterea
1979 1654 2038 1703 in

143 1727 346 1778 nostris
385 1727 520 1776 sulci
556 1728 969 1795 longitudinales
1006 1729 1101 1778 vix
1139 1731 1206 1778 ad
1241 1730 1442 1778 lentem
1479 1727 1779 1794 simplicem
1817 1724 2035 1790 conspi-

146 1799 236 1848 cui
274 1796 398 1847 sint.
475 1797 665 1872 Quoad
715 1798 1003 1864 perithecii
1041 1799 1408 1866 integritatem
1456 1809 1716 1865 utraque,
1780 1796 2036 1844 nimirum

147 1869 215 1919 G.
255 1866 620 1935 duplicata
657 1879 712 1918 et
749 1868 1014 1929 aurita,
1067 1869 1347 1928 vacillant,
1403 1867 1684 1918 ulterioris
1721 1883 1852 1917 vero
1891 1865 2038 1932 peri-

145 1937 326 1989 thecia
362 1955 630 2006 nunquam
665 1939 782 1989 basi
818 1938 1003 1989 hiante
1040 1939 1185 2000 vidi,
1224 1939 1367 2008 quod
1403 1939 1460 1987 in
1498 1938 1688 2004 priore
1710 1954 1899 1988 norma
1937 1946 2034 1986 est.

286 2024 487 2078 Crescit
517 2026 593 2076 ad
626 2025 886 2077 arhorum
922 2025 1175 2077 corticem
1203 2044 1378 2095 prope
1416 2023 1588 2077 Para‘.

569 2195 641 2237 21.
700 2200 1039 2239 ornamus
1083 2200 1545 2258 ‘rniQUErnA-
1591 2187 1622 2241 'c

291 2316 388 2367 Gr.
427 2325 604 2365 crusta
633 2315 891 2366 laminosa
933 2316 1412 2376 caesio-cinerea,
1470 2311 1772 2380 apotheciis
1819 2308 2042 2361 lineari-

148 2384 250 2435 bus
288 2385 601 2453 gracillimis
657 2386 925 2435 immersis
975 2387 1359 2454 immarginatis
1410 2381 2040 2434 anfractuose-curvatis

149 2456 434 2506 ramulosis
488 2467 542 2504 et
589 2456 1481 2518 reticulato-anastomosantihus,
1539 2453 1844 2521 perithecio
1900 2451 2041 2500 inte-

149 2543 251 2595 gro
290 2526 561 2594 triquetro
600 2526 715 2575 basi
754 2539 910 2577 acuto
949 2545 1104 2594 supra
1142 2527 1589 2594 plano-concavo
1629 2524 1827 2573 clauso.

287 2616 506 2664 Thallus
544 2626 850 2665 crustaceus
877 2651 890 2674 ,
929 2615 1310 2675 tenuissimus,
1345 2613 1637 2680 laevigatus
1661 2647 1674 2671 ,
1712 2611 1766 2660 in
1798 2609 2037 2660 confinio

146 2683 638 2752 nigro-limitatus..
712 2684 1011 2751 Apothecia
1078 2685 1359 2735 admodum
1426 2683 1749 2751 singularia,
1811 2682 2033 2744 minuta,

146 2767 398 2823 angusta,
460 2755 887 2823 subinaequalia,
926 2755 1053 2804 hinc
1108 2755 1233 2804 inde
1284 2755 1527 2813 dilatata,
1581 2752 1865 2810 conferta,
1920 2751 2038 2817 ipsa

142 2825 444 2892 ramulique
480 2825 804 2874 reticulatim
840 2836 892 2874 et
928 2825 1266 2874 circinnatim
1303 2833 1779 2874 anastomosanteS.
1843 2821 2032 2871 Sectio

146 2896 445 2946 eorundem
482 2895 753 2947 verticalis
792 2895 1112 2963 triangulum
1144 2895 1315 2945 refert
1354 2893 1769 2963 aequilaterale,
1820 2891 2028 2958 angulis

147 2965 475 3026 rotundam,
530 2965 698 3016 latere
751 2964 1036 3034 superiore
1087 2983 1276 3033 parum
1331 2981 1584 3017 concavo.
1659 2964 1868 3013 Thecas
1923 2978 2033 3011 non

147 3035 281 3089 vidi.
1164 3058 1167 3061 ⁴

295 3120 497 3172 Crescit
533 3121 585 3171 in
612 3122 869 3173 arborum
898 3123 1096 3174 cortice
1112 3121 1338 3189 juniore
1371 3121 1642 3191 laevigato
1669 3136 1840 3189 prope
1869 3115 2035 3178 Para‘,

152 3186 383 3257 confinis
417 3189 804 3243 Tltelotremali
829 3202 1024 3244 cavato
1052 3201 1106 3244 et
1145 3192 1501 3245 Verrucariae
1546 3191 1869 3259 subopertae
1918 3205 2034 3237 var.

130 3259 298 3331 flavo
314 3259 379 3328 -J
380 3258 552 3311 izscae.

296 3350 543 3402 Adnot.
627 3351 850 3418 Species
898 3370 1008 3404 non
1063 3361 1269 3401 tanturn
1318 3349 1626 3419 perithecio
1679 3347 1899 3401 omnino
1943 3346 2043 3395 im-

149 3438 331 3472 merso
382 3421 448 3471 ad
486 3419 729 3487 priorem
789 3422 1005 3491 generis
1051 3422 1348 3473 sectionem
1394 3420 1687 3480 accedens,
1744 3418 1836 3467 sed
1881 3418 2044 3466 etiam

154 3491 226 3545 ob
283 3491 555 3543 desectum
598 3491 766 3545 rimae
816 3493 970 3546 valde
1017 3491 1388 3563 degenerans,
1444 3491 1726 3560 formaque
1773 3487 2044 3540 exteriore
