2163 3852
220 117 334 189 '106
842 112 1151 178 lacunis.
1172 116 1481 180 *usique

366 283 430 334 U.
471 277 626 350 grac
644 272 762 328 ilis
781 314 795 339 ‚
819 275 965 328 'ad's
981 293 1218 346 persn3
1259 275 1290 328 †
1318 264 1502 328 crusta
1542 288 1763 329 cerato·
1777 276 2109 328 memhrana-

217 364 326 405 cea
363 353 571 411 albida,
611 347 906 415 apotheciis
951 347 1296 401 brevioribus
1332 347 1677 432 rectius'culis
1693 383 1714 409 ,
1768 347 2113 414 simplicibus

220 422 518 475 ‘stellatisve
538 454 551 478 ‚
593 418 803 485 saepius
838 417 1325 499 punctiformibus.
1391 431 1406 436 ··

359 507 620 561 Arthonia
655 502 1002 571 suscescens,
1040 503 1144 555 Fe'e
1177 503 1246 557 l.
1252 522 1298 554 c.
1305 522 1383 574 ρ.
1410 503 1496 557 56.
1527 504 1636 555 tab.
1673 504 1752 556 13.
1771 498 1888 574 fig
1910 507 1971 558 8.

218 646 223 649 .
359 596 581 649 Thallus
610 595 967 662 praecedente
989 595 1223 645 crassior
1245 594 1508 664 aliterque
1541 595 1938 660 conformatnsf,
1974 613 2108 663 apo-

218 669 397 722 thecia
428 685 557 718 vero
594 666 900 726 simillima,
939 666 1042 715 nisi
1083 665 1230 733 quod
1250 664 1514 725 ‚breviora
1555 666 1732 715 minus
1757 671 2001 728 ramosa,
2034 667 2106 718 ad

219 755 481 791 summum
517 754 546 786 e
578 736 799 790 ramulis
843 736 988 787 binis
1033 734 1288 788 brev-ibus
1334 734 1574 815 stellata,
1629 735 1804 785 minus
1840 734 2108 797 con-serta,

216 809 346 861 dein
395 808 464 858 ob
510 807 731 856 thallum
785 805 1195 856 crassiusculum
1257 805 1500 873 margine
1554 805 1796 856 thallode
1838 805 2108 857 tumidulo

211 878 561 947 prominente
611 877 972 957 circumdata3
1026 887 1209 929 nostra
1244 886 1526 941 praeterea
1563 877 1633 926 ob
1673 874 1984 943 speciminis
2018 875 2102 944 ju-

210 960 485 1002 ventutem
546 947 713 1015 magis
777 947 1059 1006 immersa,
1116 964 1150 996 a
1194 945 1444 1014 margine
1497 944 1738 997 thallode
1786 945 1963 1015 magis
2008 962 2106 998 oc-

211 1020 379 1072 clusa.

352 1104 550 1156 Incolit
582 1103 838 1153 corticem
863 1100 1003 1170 ligni
1024 1100 1305 1166 cujusdam
1341 1101 1505 1152 7·αόνί
1527 1120 1700 1170 prope
1722 1099 1892 1165 Ρανᾶ,
1926 1099 2094 1169 confi-

207 1176 295 1228 nis
333 1174 599 1244 Graphidi
623 1173 791 1243 plat)
795 1190 992 1240 car-pue
1018 1180 1079 1221 et
1116 1169 1382 1221 Lecideae
1408 1191 1731 1239 parasemae
1762 1191 1879 1224 var.
1919 1172 2092 1225 lilaea*-

208 1266 345 1310 nae‚
381 1247 656 1311 (corticem
688 1235 1071 1312 Βοηρίαηᾱίαε
1104 1237 1425 1310 trifoliatae.
1496 1241 1659 1308 Fe'e.)

350 1351 395 1400 A
414 1348 447 1398 d
464 1368 497 1398 n
515 1366 545 1399 ο
562 1360 596 1397 t.
638 1350 681 1396 1.
754 1330 978 1412 Species
1025 1344 1093 1396 ob
1131 1344 1414 1394 minutiem
1439 1345 1850 1411 apotheciorum
1875 1350 2099 1416 generis

205 1419 571 1472 characterem
603 1418 779 1466 minus
807 1416 997 1475 refert,
1037 1416 1258 1466 omnino
1275 1427 1454 1466 tamen
1473 1415 1630 1481 hujus
1654 1416 1764 1465 loci
1781 1416 1849 1467 ob
1867 1419 2093 1485 apothe-

206 1491 292 1541 cia
326 1489 654 1558 emergentia
685 1488 1002 1554 discumque
1043 1487 1408 1553 conspicuum.
1494 1485 1607 1536 Cfr.
1650 1497 1936 1553 praeterea
1975 1490 2092 1569 Ar*

203 1560 516 1613 thoniam
551 1557 1096 1627 polymorpham,
1138 1574 1269 1606 var.
1308 1556 1819 1606 substellatam

345 1663 596 1718 Adnot.
638 1663 710 1710 11.
783 1659 941 1709 Licet
969 1658 1058 1707 vix
1104 1657 1323 1708 dubium
1356 1657 1453 1717 sit,
1507 1657 1718 1723 plantas
1753 1657 1881 1710 duas
1919 1656 2092 1712 Feci

206 1733 396 1783 citatas
430 1733 484 1780 in
518 1732 701 1781 eadem
733 1731 936 1779 cortice
967 1728 1209 1778 inventas
1246 1729 1403 1796 (quas
1442 1727 1509 1776 ad
1537 1728 1746 1778 diversa
1777 1746 1976 1796 genera
2002 1748 2092 1782 re·

211 1803 339 1853 tulit
403 1804 624 1862 auctor)
691 1801 848 1864 hujus
913 1816 1031 1847 esse
1082 1799 1219 1857 loci,
1287 1798 1630 1865 coloremque
1696 1799 1845 1848 thalli
1888 1800 1953 1850 ab
1999 1819 2090 1851 au-

206 1883 362 1924 ctme
389 1873 647 1932 relatum,
695 1870 897 1936 piioiis
934 1869 1222 1936 glauco·
1243 1868 1648 1919 olivaceum
1683 1869 2086 1933 accidentalem,

202 1943 423 1993 alterius
493 1935 1027 2003 fuscesccntem
1105 1937 1402 2004 apotheciis
1464 1938 1720 1989 consentis
1785 1939 2088 1991 simulatum

203 2029 360 2073 esse,
416 2013 503 2062 vix
539 2023 713 2060 tamen
749 2012 964 2061 nomina
997 2008 1236 2075 ejusdem
1264 2007 1552 2089 specifica,
1593 2009 1714 2059 aliis
1741 2012 1959 2077 generis
1993 2029 2086 2063 no-

203 2083 305 2134 stri
352 2083 634 2149 speciebus
683 2099 790 2130 non
836 2080 1007 2128 minus
1049 2080 1426 2129 convenientia
1462 2079 1691 2127 retineli
1737 2092 1981 2145 possunt.
2020 2106 2089 2119 —

200 2153 429 2204 Accedit
478 2163 692 2218 praetci
699 2169 757 2200 ea
803 2151 866 2199 ad
921 2150 1204 2199 secundam
1263 2162 1499 2199 nostram
1557 2149 1868 2200 varietatem
1930 2152 2089 2203 Gra·

201 2222 362 2289 phis
413 2222 838 2287 endocarpa‚
900 2218 1001 2267 I'ee
1046 2218 1081 2269 l.
1124 2238 1168 2269 c.
1205 2237 1262 2285 ρ
1301 2229 1388 2284 49.
1429 2217 1536 2267 tab.
1594 2218 1669 2268 13.
1699 2214 1810 2285 fig.
1843 2222 1893 2271 5.
1913 2258 1926 2281 ‚
1978 2222 2085 2273 nisi

202 2292 336 2343 haec
368 2293 436 2343 ol)
466 2292 870 2359 apotheciorum
901 2290 1302 2341 immersionem
1332 2289 1654 2358 profundam
1683 2291 2086 2359 Diorygma-

198 2363 292 2412 tis
334 2363 544 2431 species
588 2363 676 2413 sit.

614 2531 660 2572 2.
700 2535 1027 2573 csTAmA
1072 2533 1597 2581 0011ROLEUCA.
1645 2523 1674 2578 -ξ

338 2653 401 2702 U.
431 2661 609 2700 crusta
652 2666 842 2700 osseo·
857 2659 1034 2698 cerata
1070 2667 1126 2696 m
1109 2647 1416 2696 tidiuscula
1455 2647 1806 2706 ochroleuca‚
1861 2649 2082 2715 apothe-

192 2719 303 2771 ciis
361 2720 653 2770 linearibus
702 2721 1019 2786 plerumque
1076 2718 1432 2768 substollatim
1491 2718 1717 2767 ramosis
1766 2719 2078 2788 cuspidinis,

197 2789 350 2842 disco
385 2789 761 2850 canaliculato.
802 2791 1042 2857 margine
1073 2788 1305 2839 thallode
1334 2788 1570 2855 plicato·
1590 2787 1814 2839 elevato.

333 2897 549 2946 'lhallus
586 2908 923 2955 mustaceus,
965 2895 1105 2944 idem
1140 2896 1231 2964 qui
1264 2894 1561 2946 confinibus
1600 2897 1722 2960 (cfr.
1768 2897 2075 2964 Graphis

191 2967 392 3018 nivea
442 2969 636 3031 vain),
701 2978 885 3016 noster
941 2966 1147 3027 (forsan
1206 2983 1234 3016 e
1280 2968 1502 3016 matrice
1555 2967 1911 3047 inaequabili)
1975 2968 2071 3017 sub

194 3038 341 3088 lente
387 3036 555 3086 dilute
591 3038 832 3087 elev-ato
851 3048 1161 3102 punctatus‚
1218 3038 1271 3085 in
1314 3035 1550 3087 confinio
1585 3039 1778 3104 nigro·
1796 3037 2073 3091 limitatus.

176 3105 529 3175 'Apothecia
515 3107 724 3171 juniora
745 3107 887 3166 alba,
930 3107 1104 3155 adulta
1135 3108 1302 3175 magis
1328 3125 1483 3176 quam
1515 3109 1569 3156 in
1607 3107 1836 3158 caeteris
1864 3108 2072 3174 specie-

189 3176 292 3227 bus
324 3193 580 3236 concava,
621 3178 796 3226 minus
822 3178 1208 3244 prominentia,
1247 3178 1480 3236 minora,
1515 3177 1822 3244 angustiora
1850 3188 1903 3226 et
1936 3177 2072 3227 dilu-

177 3246 302 3297 ‘tius
333 3247 568 3296 colorata
602 3265 754 3315 quam
796 3249 850 3295 in
891 3249 1273 3314 sequentibu5‚
1334 3248 1575 3314 margine
1617 3261 1791 3298 tamen
1833 3246 2069 3298 thaltode

189 3315 447 3367 distincto
492 3316 609 3367 fere
646 3333 944 3383 papyiaceo
984 3318 1192 3367 elevato
1223 3329 1277 3367 et
1309 3317 1513 3368 reflexo
1552 3318 1754 3376 cincta,
1810 3309 2072 3367 ramifiea-

187 3386 344 3437 tione
369 3397 422 3436 et
454 3386 820 3454 magnitudine
860 3387 1210 3455 Graphidi
1248 3388 1797 3454 pulverulentae
1835 3405 1941 3437 non
1977 3387 2068 3436 ab-

193 3456 409 3506 similia.
484 3456 697 3505 'Ihecae
731 3469 985 3525 angustae
1022 3456 1476 3548 subcylindricae‚
1514 3457 1666 3508 binas
1691 3457 1930 3525 spatulas
1951 3457 2065 3527 glo·

188 3524 347 3578 bosas
386 3544 415 3577 a
449 3542 507 3578 se
538 3526 767 3580 invicem
794 3528 1028 3580 remotas
1062 3528 1362 3581 foventes.
1825 3559 1829 3562 -
