2163 3852
570 1049 814 1103 ORDO
899 1050 1372 1103 SECUNDUS.

425 1195 473 1249 L
569 1193 596 1248 I
692 1191 738 1249 C
836 1190 892 1247 H
987 1191 1037 1247 E
1133 1193 1225 1250 Ns
1286 1192 1338 1249 E
1435 1189 1498 1251 S.

187 1365 233 1422 P
259 1362 342 1421 la
366 1383 408 1418 n
435 1375 460 1419 t
485 1383 520 1418 a
543 1380 577 1419 e
643 1357 1169 1439 (acotyledoneae
1233 1377 1281 1416 s.
1352 1377 1602 1417 nemeae
1670 1358 1838 1418 Frics
1855 1356 1905 1438 )‚

29 1492 307 1551 agamae,
362 1468 721 1539 cellulosae,
769 1467 1061 1536 arrhizae,
1105 1481 1462 1537 terrestres,
1506 1463 1910 1546 hygrometri-

32 1601 169 1650 cae,
214 1598 550 1660 perenneS,
596 1575 934 1637 solenniter
967 1597 1002 1633 e
1043 1561 1237 1634 strato
1280 1573 1542 1656 duplici=
1583 1573 1908 1633 medullari

27 1688 122 1750 vel
164 1685 864 1748 vesiculoso-celluloso
907 1684 1003 1744 vel
1043 1680 1622 1743 tubuloso-fibroso
1667 1697 1728 1742 et
1771 1704 1908 1742 cor-

27 1796 199 1856 ticali
253 1793 550 1854 discolori
607 1793 866 1852 subinde
925 1792 1200 1873 perfecte
1268 1789 1586 1850 celluloso.
1709 1791 1818 1871 Ap
1840 1798 1907 1849 o·

29 1905 295 1965 thecia
339 1925 370 1961 e
413 1902 609 1984 priori
647 1901 935 1971 oriunda,
981 1898 1172 1958 thallo
1200 1898 1579 1980 posteriora,
1621 1898 1907 1957 nucleum

28 2013 302 2095 gerentia
325 2011 735 2092 gelatinosum
778 2009 1174 2091 sporigerum,
1214 2008 1280 2065 in
1323 2006 1644 2066 altioribus
1687 2006 1905 2087 plano-

29 2142 375 2204 expansum.
464 2122 698 2201 Sporae
741 2118 1039 2187 rariores,
1103 2131 1171 2175 ut
1209 2102 1536 2198 plurimum
1581 2114 1904 2173 annulatae

30 2245 89 2289 et
131 2228 492 2298 cellulosae,
540 2221 827 2298 seriatae,
874 2226 1070 2284 nudae
1112 2224 1207 2285 vel
1247 2224 1443 2284 thecis
1487 2224 1716 2305 sparsis
1773 2222 1904 2281 the·

0 2367 2 2370 >
30 2338 304 2418 culisque
348 2337 637 2396 inclusae.

190 2516 242 2576 O
257 2515 298 2574 b
316 2536 343 2574 s
360 2534 392 2572 e
409 2536 507 2574 rv.
614 2512 993 2574 Conveniunt
1014 2511 1313 2569 Lichenes
1349 2508 1732 2568 solummodo
1768 2529 1906 2567 cum
1990 2509 1997 2513 ’

31 2597 201 2677 Algis
239 2596 541 2677 aquaticis
574 2595 817 2654 defectu
850 2593 1075 2651 radicis
1109 2593 1203 2651 vel
1230 2592 1443 2669 organi
1476 2590 1748 2668 analogi,
1793 2611 1905 2647 nu·

32 2680 383 2739 trimentum
447 2676 762 2758 superficie
825 2676 1059 2754 integra
1130 2673 1510 2744 haurientes,
1618 2670 1907 2730 differunt

33 2761 109 2820 ab
141 2761 361 2819 iisdem
389 2759 688 2840 imprimis
717 2759 842 2819 vita
866 2756 1174 2830 terrestri,
1220 2755 1366 2814 hinc
1411 2769 1688 2813 caeterae
1731 2751 1903 2810 diffe-

5 2842 264 2925 Qrentiae
306 2842 566 2912 fructUS,
634 2840 894 2908 coloriS,
938 2839 1083 2897 hinc
1123 2852 1468 2918 praeterea,
1535 2857 1672 2894 cum
1713 2835 1904 2892 nutri-

31 2940 238 2984 mento
280 2923 787 3005 praecipuolnon
841 2920 1111 2979 immersi
1154 2919 1278 2977 sint
1320 2919 1479 2978 sicut
1516 2917 1735 2996 Algae,
1812 2916 1907 2973 in-

0 3007 167 3066 ‘duit
203 3005 343 3064 illos
386 3020 603 3064 natura
647 3018 867 3073 strato,
929 3002 1076 3061 licet
1117 3000 1573 3082 simplicissimo
1618 2998 1906 3076 analogo-

9 3109 156 3169 ⁹que
211 3086 574 3169 epidermidi
640 3086 982 3168 plantarum
1035 3083 1503 3165 perfectiorum,
1583 3078 1904 3159 singularis

37 3185 241 3229 tamen
294 3169 521 3228 indolis
577 3182 638 3226 et
689 3189 803 3249 pro
864 3187 1094 3245 organo
1138 3164 1404 3223 familiae
1447 3161 1758 3222 essentiali
1799 3161 1906 3218 ha-

14 3251 272 3320 ‘bend0,
332 3251 411 3308 ad
453 3271 673 3331 aquam
714 3248 1141 3329 hauriendam,
1202 3244 1642 3325 colligendam,
1715 3261 1908 3302 asser-

35 3333 309 3392 vandam.

202 3413 612 3493 Distingui'tur
651 3414 772 3471 hoc
809 3425 1060 3470 stratum
1090 3410 1154 3466 in
1183 3407 1523 3475 frondosis,
1567 3401 1906 3462 nonnullis-

47 3516 164 3576 que
207 3510 558 3564 crustacels,
604 3513 801 3575 neque
848 3493 890 3552 S
908 3508 932 3551 t
947 3514 978 3548 e
993 3514 1024 3549 r
1040 3512 1073 3548 e
1091 3513 1128 3550 o
1145 3511 1178 3569 c
1197 3488 1372 3547 aulo
1387 3528 1404 3558 ,
1447 3509 1522 3545 ne
1546 3486 1641 3545 vix
1664 3483 1906 3564 quidem

48 3579 93 3636 C
110 3599 146 3636 o
162 3576 185 3635 l
201 3576 268 3635 le
279 3598 341 3635 m
356 3592 426 3637 at
441 3576 460 3635 i
476 3598 504 3637 s
545 3574 857 3660 nonnullis
876 3595 879 3597 ·
902 3571 1222 3655 speciebus
1264 3568 1531 3650 exceptis
1547 3608 1564 3637 ‚
1612 3578 1910 3624 structura
