2163 3852
712 147 1014 194 Licussxns.
1077 143 1347 193 memim.
1870 140 1973 192 251

99 306 370 348 nescente.
445 299 630 362 Margo
667 305 782 343 ater
818 292 1016 342 nitidus
1067 291 1438 357 prominulus,
1490 305 1611 340 mox
1647 299 1767 355 post
1806 286 1974 353 expli-

98 368 365 418 cationem
401 363 698 421 flexuosus,
756 363 1157 429 apotheciorum
1202 362 1327 410 hinc
1365 361 1563 426 agubitu
1600 357 1977 424 irregulariter

98 436 390 486 crenulato.
467 435 678 483 Thecae
729 451 952 500 parvae,
1006 431 1303 496 ellipticae,
1344 433 1593 500 utrinque
1641 427 1974 494 cuspidatae,

99 507 268 556 semel
305 505 596 554 annulatae.

240 599 440 649 Crescit
495 598 568 647 ad
621 596 868 646 corticem
929 600 1183 645 arborum
1253 596 1746 662 sempera·isontium
1803 610 1974 662 prope

98 668 327 736 Cayte'le'
377 665 604 734 confinis
646 665 1032 717 'J'leelotremati
1081 664 1291 714 occulto
1347 673 1397 713 et
1451 664 1794 714 I’‹·1·t11sariae
1832 681 1974 712 com-

93 757 260 788 mum.

234 835 470 885 Adnot.
538 831 782 883 Affinitas
837 835 1045 901 plantae
1104 843 1318 882 nostrae
1371 848 1478 880 non
1542 830 1740 899 absque
1797 830 1973 880 dubiis

93 915 201 964 est,
256 922 374 954 cum
421 914 595 954 crusta
636 903 696 952 ab
740 904 828 953 illa
878 904 1102 954 confinis
1156 903 1701 952 'l'helotrematis
1754 899 1970 949 nonnisi

91 976 334 1024 crassitie
390 973 586 1039 majore
650 972 895 1036 dill'erat3
968 975 1091 1023 hinc
1143 984 1364 1041 possent
1421 989 1637 1040 quoque
1691 970 1972 1037 apothccia

91 1061 209 1093 esse
264 1044 556 1093 Lecidea
615 1042 1403 1094 albo-coerulescentis
1471 1043 1552 1090 vel
1612 1044 1671 1091 L.
1737 1041 1971 1090 conti·

92 1131 254 1181 gnae
310 1109 460 1162 Fries
501 1111 623 1161 liclc.
672 1131 784 1164 θοι-ε.
834 1127 910 1162 11⁰·
955 1113 1084 1173 376,
1143 1116 1305 1183 (quae
1340 1123 1577 1179 ‘utraque
1618 1111 1842 1161 subinde
1882 1129 1969 1159 ru-

88 1184 340 1244 bescunt)
395 1184 446 1232 in
489 1183 763 1233 matricem
801 1195 1096 1235 crustamve
1138 1186 1362 1233 alienam
1401 1185 1671 1250 emigrata.
1749 1180 1974 1231 Accedit

89 1272 306 1322 quoque
345 1254 753 1322 speciminulum
802 1254 979 1320 junius
1030 1256 1234 1321 plantae
1280 1264 1495 1301 nostrae
1552 1253 1615 1301 ad
1658 1251 1973 1300 Patella-

84 1325 251 1373 riam
306 1324 831 1391 multipunctam
882 1319 1086 1391 Hosssn.
1139 1321 1223 1373 Pl.
1287 1320 1409 1372 liele.
1462 1322 1573 1373 [ab.
1625 1330 1700 1382 ¹4·
1758 1315 1867 1386 fig.
1911 1336 1971 1384 2,

87 1393 151 1442 ab
187 1395 513 1444 Auctoribus
551 1395 614 1442 ad
653 1395 864 1460 species
914 1396 1039 1443 duas
1084 1412 1207 1445 mox
1246 1394 1430 1442 citatas
1470 1393 1706 1441 relatam.
1785 1392 1973 1440 Crusta

85 1463 211 1513 huic
248 1464 601 1531 speciminulo
639 1463 841 1529 juniori
878 1465 1123 1524 tenuior,
1165 1463 1332 1532 magis
1373 1463 1651 1530 laevigata,
1694 1460 1974 1528 apothecia

87 1534 295 1585 minora
348 1534 758 1601 punctisormia,
816 1545 1082 1584 structura
1143 1551 1271 1587 vero
1321 1533 1607 1601 generica,
1668 1530 1971 1598 perithecio

84 1606 155 1657 ad
193 1605 427 1656 medium
466 1604 749 1671 impresso.

569 1799 613 1840 7·
675 1804 1008 1841 LECIDEA
1094 1804 1387 1844 vtnosa.
1451 1794 1480 1844 †

223 1921 285 1968 L.
340 1928 516 1968 crusta
563 1918 832 1985 granulata
882 1929 934 1966 et
983 1918 1476 1968 rimoso-areolam
1526 1913 1970 1964 cinereo-vires-

79 1999 274 2049 cente,
324 1987 642 2055 ,apotheciis
705 1988 1085 2039 subsessilihus
1139 1987 1344 2055 planis,
1415 1987 1625 2036 demum
1682 1983 1969 2043 convexis,

81 2060 313 2119 vinosis,
374 2058 613 2125 margine
673 2073 1061 2119 evanescente,
1134 2058 1376 2124 pluribus
1446 2073 1607 2123 saepe
1671 2054 1971 2122 aggregatis

83 2127 497 2181 confluentibus.

221 2200 440 2250 Thallus
512 2209 817 2248 crustaceus
884 2215 1070 2249 versus
1148 2198 1404 2249 ambitum
1481 2193 1973 2245 fusco-limitatum

80 2271 258 2321 tenuis
299 2270 363 2319 ad
405 2270 604 2319 lentem
655 2268 902 2317 radiatim
954 2268 1296 2335 effiguratus,
1352 2269 1405 2317 in
1452 2267 1630 2315 medio
1684 2281 1890 2313 crassus
1942 2280 1971 2312 e

79 2340 317 2409 granulis
367 2339 704 2406 conglobatis
740 2338 1018 2387 areolatim
1058 2339 1344 2396 secedenS,
1406 2336 1698 2403 persistens
1740 2350 1838 2382 nec
1878 2332 1969 2382 de·

79 2429 221 2459 mum
263 2410 697 2477 pulverulentus,
751 2409 1228 2458 cinereo-virens.
1302 2407 1603 2474 Apothecia
1651 2404 1713 2452 ad
1760 2414 1970 2452 crustae

79 2492 282 2549 partem
318 2480 544 2529 mediam
586 2479 870 2538 collectae,
924 2479 1303 2546 magnitudinis
1345 2478 1583 2535 mediae,
1637 2473 1986 2537 subsessilia‚⁸

78 2552 290 2618 juniora
339 2550 494 2617 plana
535 2550 859 2615 marginata,
917 2550 1130 2607 vinosa,
1188 2549 1425 2616 margine
1480 2546 1660 2613 potius
1713 2543 1969 2610 opaciore

79 2640 238 2693 quam
275 2620 562 2681 dilutiore,
613 2619 788 2670 adulta
827 2636 1061 2678 convexa
1100 2631 1153 2669 et
1193 2618 1428 2670 flexuosa
1467 2618 1706 2684 margine
1747 2630 1971 2663 evanes-

81 2703 266 2751 cente,
306 2691 478 2741 rarius
517 2690 783 2748 solitaria,
830 2691 1040 2756 saepius
1091 2689 1240 2755 plura
1283 2699 1600 2757 aggregata,
1653 2684 1971 2752 conglobata

79 2762 244 2831 inque
278 2760 552 2830 globulum
589 2759 942 2822 confluentia,
985 2761 1195 2811 demum
1231 2760 1372 2810 sicca
1408 2756 1748 2826 nigricantia.
1824 2754 1971 2822 Apo-

79 2832 383 2883 theciorum
419 2832 610 2881 lamina
648 2848 842 2881 crassa.

225 2927 427 2978 Crescit
464 2927 518 2977 in
557 2927 755 2977 cortice
793 2926 1048 2977 arborum
1082 2944 1253 2995 prope
1291 2924 1544 2975 ΒαΙιίαιη.

221 3024 458 3076 Adnot.
513 3026 728 3090 Species
774 3025 1010 3093 quamvis
1061 3043 1168 3075 non
1218 3024 1393 3083 omni,
1455 3041 1555 3090 qua
1609 3022 1797 3080 debet,
1867 3017 1970 3067 fide

79 3096 320 3149 condita.
369 3095 504 3144 nulli
549 3095 641 3144 alii
683 3097 978 3145 corticolae
1025 3095 1329 3162 descriptae
1372 3094 1537 3142 tutius
1583 3089 1969 3157 subjungenda.

74 3168 267 3243 Quoad
306 3166 457 3215 thalli
495 3165 978 3215 conformationem
1008 3167 1395 3232 apotheciaquc
1433 3163 1559 3212 hinc
1605 3161 1818 3226 saepius
1847 3175 1970 3208 con·

78 3242 369 3306 glomerata
444 3248 658 3285 nostrae
718 3237 955 3302 proxima
1030 3236 1324 3285 Lecidea
1413 3235 1729 3283 rivulosa
1813 3228 1968 3278 Ach.

79 3311 171 3370 (L.
209 3307 531 3375 contigua
572 3306 801 3365 Fries‚
853 3305 1039 3355 Sclzed.
1081 3306 1200 3355 crit.
1245 3319 1321 3354 120·
1356 3303 1476 3364 380,
1520 3305 1577 3351 L.
1619 3299 1969 3351 Hochiana

76 3379 305 3445 Hepp,
360 3377 589 3428 Sohar.
629 3373 810 3442 Spicil.
859 3376 1003 3437 ι3ι.,
1062 3394 1197 3444 quae
1243 3375 1413 3426 varias
1461 3373 1567 3423 sibi
1618 3368 1973 3438 comprehen-

78 3448 208 3499 dunt
255 3448 468 3514 species
521 3446 889 3507 Acharianas).
977 3446 1223 3497 Affinitas
1283 3455 1566 3513 praeterea
1616 3459 1736 3492 cum
1787 3438 1971 3506 specie

48 3535 201 3571 vmox
238 3529 529 3586 sequente,
579 3518 642 3568 L.
681 3517 976 3577 vernali,
1041 3517 1309 3584 imprimis
1347 3531 1469 3566 cum
1502 3511 1818 3565 Lichene
1867 3506 1972 3562 vi-
