2163 3852
681 34 989 118 Licanims.
1060 64 1329 117 Gan-ms.
1878 69 1948 124 89

76 229 297 291 gregata
346 227 402 269 et
455 215 799 267 subconnata.
873 214 1070 264 Discus
1107 215 1161 264 in
1197 214 1398 267 nostris
1439 229 1653 282 semper
1687 215 1957 284 profunde

73 289 450 344 canaliculatus
473 325 486 351 ,
525 286 706 338 medio
746 303 906 355 saepe
943 285 1301 338 ventricosus.

221 394 427 447 Crescit
460 393 533 444 ad
561 391 801 442 arbornn
840 388 1334 459 sempervirenllum
1369 389 1621 441 corticem
1652 406 1823 458 prope
1848 389 1962 442 Ba-

69 467 235 532 Iziam,
264 460 495 530 confinis
523 462 789 531 Groplzidi
815 478 1058 512 venosae.

228 574 474 624 Adnot.
547 570 727 624 Variis
786 569 1002 638 quidem
1046 566 1190 617 notis
1242 587 1269 617 a
1314 567 1492 634 planta
1528 567 1822 618 Achariana
1860 567 1966 618 dif-

80 645 230 697 ferre
261 645 475 694 videtur
509 652 720 699 nostra,
776 656 908 709 quae
963 654 1091 687 vero
1130 637 1218 686 vix
1267 655 1371 686 non
1430 655 1615 688 omnes
1667 638 1968 690 confinibus

82 731 394 768 communes
432 729 462 764 e
500 711 742 762 matricis
778 721 963 759 natura
999 707 1236 775 pendere
1276 707 1541 759 videntur.

635 923 708 968 19·
770 926 1106 969 GRAPHIS
1166 925 1411 966 VARIA.

227 1070 323 1122 Gr.
362 1080 540 1120 crusta
580 1069 943 1137 epiphloeocle
985 1065 1450 1132 subpulverulenta
1489 1064 1697 1125 albida,
1753 1066 1974 1132 apothe-

81 1137 182 1188 ciis
238 1139 401 1191 variis
468 1141 799 1191 subi-otundo
832 1137 1122 1188 -ovalihus
1175 1147 1228 1185 et
1278 1136 1569 1185 linearibus
1626 1136 1975 1203 substollatis„

85 1209 238 1260 disco
277 1209 648 1277 planiusculo,
688 1209 929 1278 margine
967 1205 1210 1257 flexuoso
1246 1207 1331 1258 vel
1367 1206 1532 1256 nullo.

226 1316 554 1385 Opegrapha
589 1317 765 1380 varia,
821 1313 971 1366 Pers.
1012 1313 1067 1364 in
1125 1311 1308 1364 Usteri
1357 1312 1509 1363 Arm.
1542 1310 1595 1365 d.
1629 1310 1760 1365 Bot.
1798 1311 1880 1370 St.
1917 1333 1969 1384 7.

333 1424 344 1436 .
387 1387 472 1438 30.

227 1405 554 1542 Ossegrapha
592 1472 835 1524 nimbosa
860 1509 874 1534 ‚
914 1488 1030 1523 cum
1068 1487 1177 1523 var.
1214 1476 1265 1523 β.
1302 1466 1611 1536 ΑοΙι.«-8γη.
1642 1489 1701 1540 ρ.
1738 1491 1825 1540 7¹·

235 1562 563 1632 Opegrapha
599 1562 890 1613 Persoonii
928 1578 1049 1611 cum
1085 1577 1194 1611 var.
1232 1566 1283 1614 β.
1321 1569 1376 1609 et
1411 1577 1461 1614 γ.
1498 1558 1626 1609 ibid.

231 1651 805 1772 Opgggaphabnotha,
860 1666 981 1702 cum
1017 1647 1392 1712 varietatibus,
1442 1659 1665 1718 excepta
1700 1667 1748 1706 γ.
1787 1652 1982 1717 caesia,

297 1740 312 1770 z
353 1741 366 1771 l
412 1761 424 1773 .
452 1741 511 1790 p.
543 1741 574 1788 7
616 1759 629 1773 .

227 1809 558 1880 Opegrapha
596 1808 825 1862 vulvella
859 1824 976 1860 cum
1012 1825 1123 1861 var.
1160 1813 1245 1870 β.’,
1285 1804 1412 1858 ibid.
1433 1823 1493 1875 p.
1526 1824 1612 1875 77.

234 1899 564 1968 Opegrapha
600 1899 809 1949 tridens
831 1934 846 1960 ‚
883 1896 1012 1948 ibid.
1047 1915 1106 1966 p.
1136 1914 1223 1964 79.
1261 1907 1317 1948 et

225 1988 556 2057 Opegrapha
591 1987 843 2055 hapalea‚
888 2005 945 2055 p.
978 2003 1066 2054 7q.
1098 2002 1201 2055 pro
1237 1992 1399 2054 parte
1433 1983 1616 2053 quoad
1650 2002 1984 2055 synonyma.
2018 2010 2021 2014 ·

235 2076 562 2146 Opegrapha
599 2076 1001 2144 cymbiformis‚
1058 2071 1146 2125 Fl.
1182 2071 1434 2124 deutsche
1464 2069 1626 2128 Lich.
1658 2072 1732 2128 N.
1769 2073 1883 2128 265.

239 2166 479 2218 Lecidea
514 2167 764 2235 plocina‚
803 2163 946 2215 Ach.
983 2162 1119 2233 Syn.
1150 2181 1212 2232 p.
1256 2161 1333 2215 ιὸ.

234 2273 343 2324 Gr.
394 2274 621 2335 varia,
676 2271 1118 2322 orbicularis
1163 2269 1233 2334 †;
1285 2280 1464 2322 crusta
1501 2271 1812 2323 tenuissima
1850 2272 1995 2325 orbi-

99 2341 274 2392 culari
314 2345 495 2394 caesio
519 2343 809 2411 ·pruinosa
850 2342 1106 2401 evanida,
1158 2341 1459 2408 apotheciis
1499 2342 1836 2409 simplicibus
1873 2361 1998 2395 ova-

103 2413 528 2464 to-lanceolatis
568 2415 740 2462 rarius
777 2411 1115 2479 longioribus
1154 2412 1386 2461 curvulis
1411 2411 1570 2471 atris,
1611 2414 1764 2464 disco
1803 2429 1998 2466 conca-

103 2500 170 2535 vo
208 2482 420 2534 demum
458 2484 793 2552 planiusculo
832 2481 1163 2551 marginibus
1203 2482 1665 2535 evanescentibus.

245 2591 466 2642 Thallus
506 2609 535 2641 e
572 2591 764 2657 pruina
802 2589 954 2639 tenui
1003 2587 1345 2639 orbiculatim
1382 2590 1664 2655 adspersa,
1715 2589 1771 2639 in
1820 2590 2001 2658 speci-

103 2658 339 2712 minibus
374 2663 438 2712 ad
478 2662 734 2712 corticem
774 2659 1127 2711 vetustiorem
1162 2659 1279 2709 sere
1308 2659 1502 2709 nullus.
1547 2660 1847 2727 Apothecia
1887 2679 2000 2712 ses-

113 2731 262 2790 silia‚
316 2732 545 2799 plurima
609 2731 1220 2801 oblongo-lanceolata,
1291 2730 1546 2796 pauciora
1615 2732 1999 2797 punctisormia

118 2801 204 2850 vel
242 2802 767 2869 lineari-elongata,
827 2800 891 2851 ad
937 2799 1098 2851 finem
1146 2802 1426 2850 rotundata
1464 2801 1548 2851 vel
1588 2798 1998 2868 cuspidatanec

106 2880 369 2922 truncata.
445 2873 657 2922 Thecae
705 2871 761 2921 in
813 2872 934 2921 loco
987 2870 1147 2921 natali
1196 2871 1383 2937 priore
1421 2870 1682 2938 majol'e5‚
1737 2872 2000 2938 oblongo-

105 2942 431 3006 cylindricae
458 2980 470 3004 ‚
511 2944 627 3009 plus
666 2960 821 3011 quam
860 2941 1044 2991 decies
1084 2953 1303 3008 anguste
1327 2943 1628 3000 annulatae,
1670 2943 1846 3007 sporis
1880 2943 1998 3010 glo-

106 3010 258 3061 bosis
297 3030 481 3081 magna
501 3014 657 3079 copia
695 3012 962 3073 refertae3
1002 3012 1056 3060 in
1097 3012 1214 3060 aliis
1243 3011 1635 3078 (junioribus‘2)
1676 3012 1869 3062 cortici
1907 3030 1996 3062 ve·-

104 3083 324 3131 tustiori
374 3083 799 3133 increscentibus
849 3083 1122 3142 minores,
1191 3083 1397 3149 pluries
1450 3081 1755 3144 annulatae,
1808 3095 1993 3133 ternae

106 3153 195 3203 vel
229 3153 426 3221 quinae
465 3155 602 3202 ascis
641 3153 886 3218 oblongis
924 3153 1179 3202 inclusae.

252 3257 459 3309 Crescit
495 3258 548 3309 in
595 3259 792 3309 cortice
839 3259 1096 3308 orborum
1131 3267 1320 3327 vegeto
1360 3275 1532 3327 prope
1568 3254 1833 3318 Euhium,
1873 3275 1994 3307 con-

97 3323 237 3394 finis
279 3330 634 3380 Verrucctriae
659 3328 1017 3399 pzznctg'formi
1036 3366 1048 3390 ,
1087 3347 1184 3379 nec
1222 3347 1328 3378 non
1368 3328 1557 3378 ibidem
1590 3327 1645 3376 in
1687 3328 1881 3377 corlice
1908 3346 1994 3377 ve-

115 3398 341 3450 tustiore
381 3418 532 3450 eroso
580 3409 631 3450 et
671 3398 1149 3465 ,langermannicis
1185 3399 1441 3449 emortuis
1487 3398 1721 3457 obtecto,
1773 3397 1894 3448 dein
1935 3397 1991 3448 in
2058 3425 2059 3428 ¹

114 3468 286 3537 sylvis
315 3470 491 3522 densis
517 3471 589 3521 acl
602 3466 852 3538 fluvium
892 3468 1129 3540 [tethype
1161 3478 1210 3521 et
1238 3487 1409 3538 prope
1445 3468 1729 3521 Mar-acas.
