2163 3852
655 56 956 108 Lxcnssnm.
991 37 1367 114 Vennucanu.
1843 58 1949 114 135

83 225 146 258 ro
174 207 229 256 in
260 223 422 257 unum
450 205 774 264 coalescunt,
811 205 1166 271 perithecium
1193 206 1481 272 conspicue
1515 220 1543 254 e
1572 202 1711 255 binis
1766 205 1944 257 subdi-

84 277 315 326 midiatis
343 276 692 341 compositum
722 276 899 324 medio
927 275 1116 324 baseos
1147 275 1461 341 impressum
1489 287 1541 325 et
1560 286 1710 324 acute
1744 274 1942 326 intror-

83 364 194 396 sum
235 346 542 412 prominens
575 362 837 412 supraque
874 344 936 393 ad
967 344 1128 392 latera
1161 346 1341 394 ostioli
1370 346 1713 401 incrassatum
1749 356 1845 412 est,
1881 356 1942 396 ut

83 416 250 465 sectio
287 415 524 480 ejusdcm
563 414 826 466 verticalis
855 413 1266 462 obem-diformis
1301 425 1566 481 appareat.
1627 413 1838 463 Thecae
1871 414 1947 464 el-

80 485 618 552 liptico-fusisormcs
642 483 1022 541 triannnlatae‚
1078 485 1283 531 annulis
1323 484 1693 534 secedentibus
1714 519 1728 545 ,
1788 500 1948 535 senae

81 567 304 606 octonae
339 556 476 605 ascis
503 554 708 603 clavato
727 583 746 591 -
765 552 1072 618 cylindricis
1109 552 1355 602 inclusae.

213 645 414 698 Crescit
445 647 518 697 ad
543 647 790 696 corticem
804 647 1075 712 juniorem
1107 647 1161 696 in
1197 645 1467 697 Brasilia:
1508 645 1779 699 Freireiss.

389 800 458 844 19.
488 806 979 843 vEnnUCARIA
1039 804 1564 843 OCHROLEUCA.
1615 796 1646 847 †

217 892 282 942 V.
322 902 497 941 crusta
521 902 696 940 cerata
742 890 1092 958 subpruinosa
1132 891 1483 952 ochroleuca‚
1522 890 1818 957 apotheciis
1849 891 1948 942 mi-

77 962 220 1010 nutis
258 961 516 1029 globoso·
538 961 741 1011 conicis
781 977 1028 1011 verrucas
1056 961 1205 1026 apice
1232 962 1442 1010 demum
1473 960 1798 1028 nigricantes
1828 961 1945 1027 plu-

75 1048 166 1081 res
196 1028 526 1082 confluentes
545 1031 826 1081 tumidulas
866 1031 1119 1099 papillula
1148 1032 1491 1098 punctiformi
1524 1030 1943 1098 personantibus-

215 1123 363 1175 Icon.
399 1125 498 1176 sel.
534 1135 785 1195 cryptogm
823 1125 933 1177 tab.
962 1121 1135 1194 8.fig.
1178 1125 1277 1177 JV.
1328 1135 1377 1176 et
1417 1128 1527 1175 III.
1576 1145 1621 1178 1.
1655 1153 1724 1162 -—
1759 1124 1809 1176 6.

216 1224 433 1273 Thallus
472 1235 799 1284 crustaceu8‚
836 1224 938 1272 late
971 1223 1204 1283 effusus,
1244 1223 1468 1271 maxime
1509 1221 1800 1289 laevigatus
1845 1237 1946 1272 nec

80 1293 302 1353 nitidus,
338 1293 690 1351 duriusculus,
732 1293 1147 1358 subpruinosus‚
1199 1293 1395 1342 coloris
1438 1292 1713 1358 purissimi
1756 1291 1948 1341 ochro-

74 1363 215 1413 leuci
244 1363 387 1411 nullo
417 1364 574 1412 modo
603 1364 655 1411 in
689 1363 915 1412 viridem
951 1365 1030 1413 vel
1053 1363 1258 1412 fuscum
1285 1362 1581 1427 ve1·genti8‚
1619 1362 1673 1409 in
1715 1360 1945 1410 confinio

73 1433 306 1500 plurium
351 1433 696 1498 speciminum
726 1433 1268 1499 nigro-marginatus.
1343 1433 1613 1482 Verrucae
1637 1430 1807 1479 rarius
1843 1431 1946 1477 sin-

74 1503 228 1570 gulae
260 1503 492 1549 minutae
527 1503 834 1569 plerumque
863 1514 1180 1569 aggregatae
1219 1498 1549 1551 confluentes
1577 1511 1631 1549 et
1659 1500 1946 1566 praecipue

78 1572 133 1621 in
169 1572 287 1621 loco
315 1571 475 1619 natali
504 1572 758 1621 uberiore
811 1588 1057 1620 verrucas
1102 1571 1422 1635 compositas
1458 1569 1686 1635 majores
1720 1570 1949 1618 tumidu-

73 1642 150 1690 las
183 1640 426 1708 pluribus
467 1641 678 1690 ostiolis
709 1651 916 1689 notatas
954 1640 1288 1706 (Frypcth
1311 1640 1374 1688 el
1399 1638 1454 1686 ii
1486 1639 1550 1688 ad
1579 1638 1833 1705 speciem,
1875 1641 1945 1686 si-

71 1713 233 1760 modo
261 1709 602 1761 substantiam
633 1711 943 1760 corticalem
976 1711 1253 1760 obductam
1296 1708 1526 1775 excipis)
1579 1707 1941 1771 efformantes,

75 1774 479 1847 (icon.cit.fig.
503 1783 599 1832 JV.
639 1782 712 1842 2.)
752 1781 951 1829 coloris
990 1781 1043 1828 in
1085 1780 1351 1829 nonnullis
1380 1780 1575 1827 sicum
1601 1777 1765 1828 thallo
1805 1778 1943 1826 inte-

75 1868 173 1918 gro
214 1867 500 1915 comparas,
540 1868 722 1916 parum
753 1850 1067 1912 albidiori83
1118 1850 1330 1900 eaedem
1370 1848 1577 1898 demum
1631 1848 1696 1896 ad
1744 1848 1948 1913 apicem

73 1922 218 1971 circa
243 1922 490 1969 ostiolum
542 1939 604 1970 ex
639 1920 921 1986 apothecio
974 1921 1138 1986 magis
1166 1931 1415 1986 protruso
1454 1918 1797 1985 nigricantes,
1832 1934 1947 1966 sae-

71 1991 193 2058 pius
236 1990 439 2040 ibidem
476 1991 746 2056 eleganter
779 2008 912 2038 zona
943 1990 1172 2056 simplici
1204 1991 1283 2039 vel
1319 1987 1520 2053 duplici
1548 1987 1718 2036 albida
1741 1990 1795 2052 (e
1825 1986 1947 2035 sub-

74 2060 262 2109 stantia
282 2059 431 2109 thalli
455 2061 719 2126 apothecii
751 2061 1073 2126 emergentis
1110 2078 1212 2126 ope
1245 2059 1480 2124 sejuncka
1521 2058 1663 2106 circa
1698 2057 1948 2107 ostiolum

70 2130 320 2187 residua)
361 2142 597 2189 notatae,
648 2130 936 2179 nonnullae
993 2129 1094 2179 hoc
1142 2147 1263 2179 casu
1306 2130 1421 2177 sere
1459 2128 1769 2194 duplicatae,
1809 2127 1974 2184 sicut,

71 2200 129 2249 in
157 2199 422 2250 divisione
452 2218 572 2248 mox
601 2212 857 2267 sequente
899 2200 1123 2249 obtinet.
1194 2198 1491 2266 Apothecia
1537 2198 1734 2246 minuta
1778 2212 1945 2263 punc-

70 2270 309 2320 tisormia
336 2286 364 2318 e
401 2269 572 2320 forma
605 2270 824 2337 globosa
853 2285 918 2318 eo
955 2270 1120 2336 magis
1161 2269 1215 2317 in
1261 2268 1574 2318 conoideam
1619 2278 1671 2315 et
1710 2267 1944 2315 turbina-

72 2351 177 2389 tam
224 2339 435 2398 abeunt‚
487 2357 590 2408 quo
633 2339 798 2406 magis
836 2356 1092 2388 verrucae
1144 2340 1570 2404 conglomeratae
1610 2347 1663 2384 et
1703 2337 1939 2385 elevatae

73 2420 211 2460 sunt.
284 2410 649 2458 Perithecium
686 2408 898 2474 saepius
927 2408 990 2456 ad
1018 2409 1258 2475 paginam
1290 2408 1602 2456 interiorem
1642 2405 1797 2455 modo
1833 2406 1941 2453 sin-

73 2478 245 2547 gulari
268 2477 840 2549 doboso-cellulosum
876 2476 1038 2540 (icon.
1081 2479 1169 2526 cit.
1193 2472 1303 2545 fig.
1328 2475 1422 2525 IV.
1460 2475 1536 2539 3).
1576 2475 1788 2523 Thecae
1806 2475 1938 2524 aliae

73 2566 266 2616 parvae
297 2548 718 2613 subcylindricae
752 2547 1130 2607 triannulatae‚
1183 2548 1316 2597 aliae
1343 2547 1509 2612 magis
1540 2545 1808 2611 ellipticac
1855 2561 1937 2593 se-

72 2638 170 2668 nae
205 2630 429 2668 octonae
466 2620 600 2668 ascis
632 2617 1193 2683 clavato-cylindricis
1227 2617 1482 2668 inclusae.
1551 2617 1754 2682 Sporae
1782 2615 1937 2664 binae

70 2701 355 2758 quaternae
382 2688 653 2756 globosae.
733 2686 907 2753 (Icon.
949 2681 1164 2755 cit.fi·.g
1194 2685 1291 2736 IV.
1331 2686 1423 2751 4.)

213 2782 410 2833 Incolit
447 2783 695 2832 corticem
728 2783 981 2832 arborum
1008 2781 1500 2851 sempercirentizzm
1526 2778 1703 2847 (ligno
1727 2798 1935 2847 purpu-

72 2870 163 2903 reo
217 2854 561 2914 donatarum)
610 2871 779 2921 prope
821 2851 1041 2914 Caite'te'‚
1083 2847 1310 2916 confinis
1356 2850 1705 2901 Verrzzcariae
1740 2868 1936 2899 aeneae

75 2924 239 2986 (icon.
270 2923 358 2973 cit.
388 2918 495 2988 fig.
546 2921 658 2976 III.
703 2925 773 2988 ι.)
836 2932 887 2972 et
919 2937 1104 2991 prope
1131 2921 1367 2972 Balciam
1407 2916 1634 2984 confim's
1677 2919 1937 2988 Graphicli

74 3011 302 3043 venosae
342 3010 458 3044 var.
518 2991 781 3061 eleganti,
847 2989 1279 3062 Lejogrammati
1333 2990 1627 3051 isabellino,
1680 2989 1940 3057 Glypfziu'i

76 3063 438 3126 cicatricosae,
474 3081 570 3112 nec
593 3081 698 3111 non
743 3061 975 3113 aliarum
1014 3063 1269 3113 arborum
1315 3062 1454 3113 inter
1502 3060 1699 3111 Wllam
1733 3061 1800 3109 do
1834 3059 1936 3110 Rio

76 3133 173 3184 das
206 3132 403 3184 Contas
429 3141 480 3182 et
508 3131 795 3183 Maracas.
1809 3131 1813 3133 “

502 3287 574 3327 20.
604 3294 1087 3333 vmmucanu
1130 3295 1317 3333 pono
1338 3292 1436 3329 ΒΑ.
1489 3282 1520 3334 †

215 3379 280 3434 V.
318 3388 494 3429 crusta
519 3369 785 3448 ae‘quabili
818 3379 996 3434 albido'
1026 3381 1371 3450 pallescente,
1409 3377 1649 3431 verrucis
1679 3372 1946 3425 confluen-
