2163 3852
180 207 284 266 188
781 201 1086 253 mouens.
1147 198 1463 249 Pilumnus.

173 355 244 427 fl.
283 355 432 430 lapp.
464 376 521 427 p.
559 358 659 418 853
695 353 830 404 haec
867 369 1000 402 vero
1041 358 1216 399 crusta
1253 346 1413 396 aliter
1449 343 1808 404 conformata,
1864 340 2061 408 margi-

179 447 354 498 neque
391 433 567 480 lacero
608 443 637 475 e
676 434 852 474 crusta
890 423 1129 486 disrupta
1167 416 1516 484 distinguitur
1552 431 1612 465 ac
1649 415 1828 481 potius
1863 411 2061 462 Leci-

178 499 350 552 deae
386 501 469 552 vel
506 496 804 562 Pyxines
840 492 1072 549 Fries,
1113 488 1325 553 species
1364 497 1464 538 est.

314 576 376 622 P.
418 569 644 624 varia,
685 559 1266 631 pallidi-cerina3
1314 556 1344 607 †
1398 566 1572 605 crusta
1622 552 2059 602 membranaceo-

174 645 443 709 granulata
481 634 658 687 albido
682 664 701 674 ·
725 633 1056 689 lutescente,
1097 627 1334 690 scutellis
1370 625 1642 692 depressis
1675 623 1873 684 densis,
1905 622 2058 673 disco

174 712 642 779 plano-convexo
683 705 970 770 sulphureo
995 699 1219 754 -cerino
1263 697 1552 764 marginem
1606 707 1821 744 tenuem
1871 709 2060 743 crenu-

172 782 336 832 latum
373 782 584 831 demum
622 776 738 825 fere
779 783 1185 824 evanescentem
1222 779 1526 834 superante.
2027 777 2036 781 ·

315 869 588 917 Lecanora
628 855 1034 925 pallidi-flava,
1082 850 1202 913 Fe'e,
1249 849 1284 899 l.
1324 867 1368 899 c,
1401 868 1457 917 p.
1505 850 1614 899 ιιὸ.
1645 845 1753 896 lah.
1779 841 1989 913 espflg.
2013 863 2061 897 2.

318 948 541 1000 Thallus
580 953 885 992 crustaceus
922 938 1118 994 tenuis,
1159 935 1327 1002 magis
1348 934 1586 982 minusve
1606 931 2062 988 membranaceus,

174 1023 377 1076 leniter
415 1016 736 1086 granulatus,
778 1027 900 1059 mox
944 1009 1184 1067 albidus,
1251 1021 1373 1053 mox
1419 1003 1583 1069 magis
1626 1002 1865 1050 minusve
1905 1000 2067 1048 lutes-

180 1113 325 1148 cens,
367 1085 667 1140 circinatim
705 1079 926 1138 effusus,
985 1077 1140 1145 quasi
1201 1074 1516 1140 adspersuS,
1567 1074 1621 1121 in
1670 1072 1894 1120 aliorum
1932 1085 2063 1118 vero

177 1161 412 1217 confinio
442 1151 901 1221 nigro-limitatus,
975 1146 1242 1197 Scutellae
1282 1145 1587 1210 depressae,
1611 1153 1820 1199 tenues,
1846 1141 2060 1200 densae,

181 1244 364 1287 exacte
402 1224 681 1278 rotundae,
720 1239 748 1270 e
789 1217 965 1268 medio
1007 1217 1204 1275 thano,
1246 1213 1335 1262 ubi
1374 1212 1692 1279 majusculae
1734 1221 1873 1270 sunt,
1928 1226 2065 1257 mar·

182 1307 361 1375 ginem
400 1314 586 1348 versus
626 1307 787 1357 saepe
817 1288 1012 1337 sensim
1034 1287 1270 1335 minores
1299 1283 1626 1348 etjuniores,
1665 1281 1879 1330 tandem
1899 1295 2069 1344 punc·

176 1377 455 1428 tisormes‚
496 1366 559 1415 ab
597 1362 756 1411 initio
794 1358 1007 1408 sessiles
1048 1357 1198 1424 quasi
1235 1355 1519 1420 adspersae
1556 1367 1655 1401 nec
1709 1361 2070 1416 erumpentes-

178 1446 376 1498 Discus
416 1438 656 1490 cerinus,
696 1430 876 1498 junior
914 1428 1169 1495 pallidior
1205 1422 1884 1491 plano-concaviusculus‚
1923 1418 2070 1467 adul·

180 1528 267 1566 tus
307 1508 592 1562 obscurior
629 1504 937 1552 fuscescens
978 1515 1264 1548 convexus.
1337 1498 1523 1560 Margo
1562 1492 1737 1541 tenuis
1762 1528 1774 1551 ‚
1815 1491 1877 1539 ab
1917 1489 2068 1538 incu-

180 1583 378 1637 nabilis
416 1575 734 1632 cumulatus,
775 1570 972 1618 sensim
1012 1577 1330 1622 attenuatus,
1370 1565 1425 1612 in
1463 1563 1733 1613 nonnullis
1759 1560 1827 1609 ob
1861 1559 2068 1609 discum

180 1652 452 1722 turgidum
491 1645 692 1697 sensim
745 1634 1103 1699 evanescens,
1166 1637 1229 1686 ad
1266 1636 1465 1685 lentem
1527 1642 1837 1684 constanter
1891 1641 2069 1679 tamen

180 1723 520 1790 conspicuus.

325 1800 521 1853 Crescit
561 1798 632 1847 acl
661 1794 910 1846 cor-licem
938 1788 1313 1856 thizoplaeorae
1339 1784 1602 1853 Zlffangles
1638 1793 1685 1833 et
1712 1780 2073 1851 Lagzmcnla-

179 1877 294 1928 riae
326 1887 630 1924 racemosae
661 1884 832 1934 prope
858 1861 1092 1913 Balciam
1120 1854 1351 1922 corqfitze's
1381 1851 1815 1923 Leiogrcmmzali
1851 1852 2070 1903 sericeo-

324 1958 568 2009 Adnot.
608 1956 665 2001 ln
705 1947 1006 1998 lichenibus
1045 1943 1135 1993 ubi
1175 1942 1456 1993 varietates
1498 1940 1801 2005 descriptae
1857 1937 2071 2004 saepiu-s

185 2030 399 2099 species
436 2024 691 2076 eveniunt
728 2031 783 2069 et
819 2019 937 2068 viee
961 2032 1186 2073 -versa‚
1226 2012 1514 2062 cavendum
1556 2029 1619 2059 nc
1649 2009 1932 2059 varietates
1954 2005 2073 2074 qui-

186 2102 306 2151 dem
345 2099 607 2149 variarum
648 2089 952 2157 specierum
997 2084 1187 2135 eodem
1240 2083 1457 2133 nomine
1513 2080 1894 2147 de;-.igncntur;
1947 2076 2076 2126 hinc

185 2187 379 2222 nomen
419 2167 558 2218 Clar.
612 2159 782 2212 Feei
836 2175 1021 2226 parum
1072 2154 1269 2204 mutavi
1308 2152 1375 2202 ob
1417 2153 1654 2217 speciem
1704 2150 2073 2212 homonymam

188 2261 216 2292 a
254 2235 721 2291 Schleichero
762 2228 1112 2280 distributam.
1191 2228 1318 2274 Icon
1351 2223 1510 2272 citata
1533 2222 1664 2269 mala
1687 2219 1912 2275 videtur,
1955 2232 2075 2265 cum

188 2312 396 2362 discum
435 2320 724 2356 convexum
767 2302 958 2364 (status
998 2296 1228 2355 adultus)
1267 2293 1496 2361 margini
1552 2290 1702 2340 valde
1738 2291 1842 2338 lato
1882 2292 2076 2349 (status

183 2381 389 2450 junior)
425 2378 482 2426 in
522 2374 705 2425 eadem
742 2369 910 2436 figura
949 2367 1215 2432 copularit
1237 2365 1431 2431 pictor,
1476 2361 1714 2431 quamvis
1739 2361 1791 2407 in
1830 2354 2080 2425 diognosi

190 2468 373 2518 margo
429 2446 605 2496 tenuis
656 2445 880 2492 dicatur.
954 2437 1193 2487 Plantula
1247 2447 1456 2485 crustae
1507 2434 1691 2481 colore
1731 2433 1789 2478 P.
1842 2427 2080 2478 variae

190 2524 359 2589 magis
420 2514 746 2569 conveniens
807 2528 960 2579 quam
1030 2507 1362 2574 praecedens
1429 2505 1690 2560 varietas,
1760 2499 1989 2549 caeteris
2034 2497 2080 2545 si

193 2593 398 2642 discum
446 2586 753 2637 dilutiorem
825 2592 877 2630 et
927 2578 1144 2628 thallum
1197 2577 1372 2642 paullo
1435 2573 1754 2622 crassiorem
1824 2567 2078 2633 excipias,

193 2666 609 2714 Lecanorae
651 2651 935 2702 cerinae
974 2648 1105 2697 Ach.
1147 2647 1296 2695 valde
1333 2643 1537 2703 affinis3
1575 2642 1699 2689 huic
1721 2657 1849 2689 vero
1878 2637 2080 2686 adscri-

194 2734 325 2783 bere
369 2747 432 2779 eo
470 2729 643 2776 minus
682 2721 979 2772 consultum
1015 2717 1293 2766 habuimus
1318 2752 1330 2773 ,
1383 2713 1527 2782 quod
1563 2712 1692 2760 haec
1733 2727 1761 2758 e
1812 2711 2080 2758 Parme*

195 2803 291 2852 lia
327 2797 694 2866 parietina
733 2791 1000 2841 deminuta
1041 2800 1214 2837 ortum
1255 2787 1452 2835 ducere
1499 2801 1602 2831 non
1666 2781 1780 2829 sinc
1832 2778 1949 2845 jure
2000 2776 2079 2826 di-

198 2883 366 2930 catur,
407 2885 537 2936 quae
578 2867 631 2913 in
670 2862 896 2912 Brasilia
936 2860 1018 2910 vel
1059 2857 1356 2923 geum-atim
1396 2855 1533 2903 intra
1589 2852 1829 2918 tropicos
1882 2848 2080 2897 hucus-

199 2959 303 3011 que
354 2958 460 2989 non
520 2936 629 2986 visa
682 2930 994 3000 regionibus
1037 2926 1347 2994 temperatis
1400 2925 1680 2989 utriusque
1724 2916 2080 2984 hemispherii

198 3010 418 3080 propria
459 3008 667 3055 videtur
713 3002 837 3065 (cfr.
893 3012 1068 3050 tamen
1124 2997 1265 3046 infra
1320 2995 1497 3046 adnot.
1536 2993 1600 3042 ad
1653 2988 2081 3041 Parmeliam

199 3073 877 3148 chrysopthalmam).

681 3239 724 3289 li·
765 3243 1157 3285 PARMELIA
1243 3238 1606 3278 vssx'rosa.

338 3355 402 3404 P.
442 3358 617 3399 crusta
656 3343 1236 3394 verrucoso·areolam
1276 3335 1843 3409 glauco-flavescente,
1894 3327 2082 3379 scutel-

198 3429 265 3479 lis
304 3420 571 3492 apprcssis
610 3416 818 3465 demum
858 3414 1272 3480 irregularibus,
1327 3411 1477 3459 ‹lisco
1519 3408 1940 3473 plano-tumente
1990 3416 2088 3463 pu-

198 3499 357 3548 niceo
396 3490 689 3557 marginem
743 3484 1037 3536 thollodcm
1087 3494 1305 3533 tenuem
1348 3477 1750 3545 integerrimum
1793 3469 2085 3538 subpalles-

201 3578 412 3619 centem
456 3570 758 3628 superante.
