2163 3852
670 128 971 176 Licimwsss.
1010 127 1388 181 Vi-:nnocama-
1866 140 1963 192 131

93 270 390 340 specimina
420 271 727 342 habendae)¹⁴
771 284 998 323 notatus.
1072 277 1345 328 Verrucae
1392 279 1586 331 densae
1633 298 1964 352 aggregatae,

92 342 573 408 heinisphaericae,
605 342 816 390 bullulis
854 345 1086 401 similes,
1130 362 1158 393 e
1205 347 1391 397 lamina
1425 351 1569 402 tenui
1603 353 1970 420 suppellucida

92 412 252 460 initio
295 411 495 468 albida,
555 412 730 460 medio
785 413 1036 477 papillula
1097 416 1405 466 tenuissima
1448 431 1691 484 pertusa,
1757 424 1970 480 demum

92 481 373 546 apothecio
401 492 676 529 crescente
711 481 1090 546 amplificatae,
1131 485 1195 532 ad
1233 487 1440 535 oculum
1482 490 1673 538 nudum
1701 492 1971 560 nigrican..

93 561 202 609 tes,
252 549 315 597 ad
357 551 552 599 lentem
595 550 818 598 caesiae.
892 552 1186 615 Apotliecia
1228 554 1448 619 globosa
1489 570 1541 606 et
1587 560 1971 628 subconoidea,
2026 554 2030 558 Δ

93 637 192 686 pro
221 619 437 667 dimidia
471 631 617 685 parte
648 619 791 685 ligno
826 619 1100 676 immersa,
1143 622 1316 671 adulta
1352 625 1419 673 ob
1451 644 1702 677 verrucae
1751 636 1973 699 pelluci-

95 689 314 738 ditatem
348 690 809 740 Verrucariae
849 689 1135 752 simillima,
1177 694 1557 759 magnitudinis
1584 709 1637 746 et
1666 705 1974 765 prominen-

93 757 199 806 tiae
232 759 348 806 sere
400 757 635 824 ejusdem
680 773 799 805 cum
848 759 1141 808 domestica
1197 764 1550 826 Pyrenula
1614 771 1865 834 nitida,
1920 785 1973 830 β.

92 826 438 878 nitidella
494 828 565 876 Fl.
620 828 1010 888 (Deutsche
1066 829 1457 894 IAchenen,
1496 837 1594 884 No.
1630 841 1973 903 io.)'1‘hecae

95 896 366 964 ellipticae
398 895 548 945 binas
577 912 760 961 speras
798 895 1064 950 foventes,

233 981 433 1032 Crescit
468 982 520 1032 in
554 982 752 1031 cortice
782 983 932 1033 tenui
961 986 1172 1036 cinerea
1204 986 1341 1056 ligni
1363 990 1495 1039 nudi
1519 1002 1792 1059 aspectum
1814 1015 1976 1063 prae-

93 1057 248 1104 bente
271 1052 344 1102 ad
373 1051 558 1101 littora
583 1053 748 1102 maris
766 1071 940 1131 prope
968 1054 1202 1106 Balciam
1238 1068 1288 1107 et
1312 1077 1482 1126 prope
1503 1061 1663 1111 Serra
1687 1065 1781 1114 dos
1808 1066 1973 1120 Alon-

92 1133 171 1174 tes
203 1121 344 1172 altos
383 1121 436 1171 in
481 1121 637 1171 unico
674 1123 962 1192 specimine
989 1123 1219 1191 confinis
1254 1127 1521 1196 Graplu'di
1556 1135 1825 1185 maculari
1854 1156 1970 1191 var.

87 1193 285 1263 pictae,
324 1210 485 1259 quam
514 1189 614 1262 cfr.

230 1289 469 1340 Adnot.
540 1292 655 1339 Hac
689 1290 978 1357 praecipue
1026 1293 1207 1359 specie
1252 1293 1611 1346 inconstantia
1652 1299 1976 1354 characteris

97 1361 339 1427 generici
369 1360 758 1408 demonstratur
786 1379 812 1409 a
841 1378 1064 1409 verruca
1108 1362 1342 1412 thallode
1388 1364 1652 1428 desumti3
1705 1386 1822 1420 cum
1853 1390 1980 1424 ver-

94 1446 222 1479 ruca
249 1429 338 1478 hic
377 1429 643 1495 pellucida
689 1430 773 1479 vix
821 1429 1037 1478 differat
1079 1450 1105 1479 a
1154 1433 1508 1482 membranula
1559 1437 1793 1489 thallode
1831 1445 1979 1493 tenui

93 1499 360 1567 pellucida
389 1498 507 1547 fere
545 1499 721 1548 omnia
752 1500 954 1565 prioris
991 1501 1245 1551 sectionis
1275 1504 1557 1568 apothecia
1584 1507 1900 1562 obducente.

421 1637 489 1677 13.
521 1642 1008 1681 VERRUGARIA
1055 1644 1515 1683 GLOBIFERA.
1570 1638 1600 1690 †

234 1727 302 1780 V.
359 1739 534 1777 crusta
581 1729 1213 1778 cerato-membranacea
1261 1730 1794 1799 ferrugineo-fusca,
1850 1759 1978 1810 apo-

92 1797 290 1848 iheciis
319 1796 522 1864 magnis
559 1798 613 1845 in
665 1815 888 1848 verruca
941 1799 1542 1867 conicaemcrgentibus
1575 1805 1780 1856 demum
1818 1815 1978 1863 semi..

97 1868 398 1925 denudatis,
437 1868 632 1917 ostiolo
673 1868 957 1934 impresso,
999 1869 1194 1930 (thecis
1226 1872 1464 1919 maximis
1505 1874 1713 1925 demum
1748 1883 1978 1946 opacis.)

237 1937 453 1987 Thallus
494 1949 830 1997 crustaceus,
871 1939 1289 1997 crassiusculus,
1346 1941 1665 2010 laevigatus,
1707 1950 1905 2001 coloris
1947 1970 1979 2002 e

97 2007 250 2056 fusco
279 2006 404 2055 hinc
432 2007 485 2055 in
516 2007 881 2074 ferrugineum
924 2009 1071 2057 illinc
1118 2010 1171 2056 in
1211 2010 1509 2060 alutaceum
1541 2020 1846 2084 vergentis,
1895 2022 1980 2070 ni-

99 2076 475 2144 grolimitatus,
524 2088 682 2143 atque
736 2095 800 2127 ex
847 2078 1143 2143 apotheciis
1172 2079 1429 2130 abortivis
1471 2083 1636 2134 multo
1679 2089 1982 2141 minoribus

97 2148 222 2196 hinc
250 2146 375 2195 inde
402 2147 916 2213 nigro-punctatum
969 2149 1267 2214 Apothecia
1298 2151 1560 2218 insignia,
1598 2159 1813 2221 generis
1874 2179 1981 2210 ma-

102 2217 271 2274 xima,
317 2233 496 2265 semen
514 2217 803 2282 Papaveris
832 2220 1154 2283 superantia,
1196 2220 1406 2269 matrici
1433 2240 1538 2271 non
1561 2223 1825 2286 immersa,
1864 2248 1981 2296 par,

102 2298 154 2336 te
187 2285 404 2333 dimidia
434 2287 715 2350 superiore
754 2287 1040 2335 subconica
1084 2305 1112 2336 e
1154 2289 1356 2338 vertice
1386 2307 1642 2343 verrucae
1680 2299 1846 2364 magis
1885 2301 1985 2349 mi-

98 2373 264 2405 nusve
304 2355 588 2404 eminentis
625 2356 1034 2421 protuberante,
1087 2358 1239 2421 apice
1288 2363 1625 2423 truncatulo,
1677 2369 1984 2437 ostioloque

102 2426 178 2487 (in
216 2425 406 2473 adultis
449 2426 658 2483 saltem)
706 2426 1046 2474 umbilicatim
1078 2428 1359 2493 impresso.
1437 2432 1650 2482 Thecae
1706 2439 1980 2500 maximae,

103 2494 335 2560 oblongo
353 2524 373 2532 -
396 2495 718 2558 cylindricae
747 2496 1024 2544 annulatae
1044 2534 1055 2555 ,
1096 2498 1303 2545 annulis
1325 2499 1441 2565 plus
1464 2519 1617 2568 quam
1646 2505 1837 2570 viginti
1858 2527 1985 2576 qua-

101 2566 249 2614 drate
278 2564 575 2624 cellulosis,
618 2566 825 2613 demum
856 2566 1072 2614 omnino
1115 2583 1328 2632 opacae.

242 2657 441 2708 Crescit
492 2660 563 2708 ad
606 2660 854 2708 corticem
905 2660 1161 2710 arborum
1202 2681 1373 2732 prope
1408 2661 1558 2713 Parti
1585 2685 1704 2717 cum
1734 2683 1984 2738 sequente

103 2728 365 2778 varietate
404 2739 453 2778 et
484 2729 759 2796 Graplzitle
794 2730 1070 2798 lectigerct.

240 2829 300 2874 P.
340 2825 702 2893 globifera
763 2827 787 2876 s2
846 2827 1219 2892 deprcssag,
1270 2843 1297 2894 -1-
1356 2828 1531 2880 crusta
1580 2847 1756 2884 cerata
1817 2857 1983 2889 mem-

102 2895 366 2945 branacea
395 2895 750 2954 rufo-fusca,
790 2899 1085 2962 apothec'iis
1119 2901 1418 2965 majusculis
1464 2903 1736 2969 depressis
1778 2909 1984 2960 demum

103 2965 427 3026 seminudis,
466 2967 702 3015 verrucis
731 2967 1022 3028 subnullisq
1068 2969 1262 3017 ‘thecis
1301 2971 1522 3033 parvis).

244 3035 460 3084 'Phallas
505 3036 644 3083 idem
678 3036 766 3103 qui
816 3040 1205 3102 praecedentis,
1282 3042 1574 3106 Apothecia
1615 3048 1983 3108 praecedenti·

106 3106 204 3155 hus
240 3106 397 3171 paulo
430 3105 632 3154 minora
653 3139 664 3161 ‚
719 3106 973 3170 globoso-
1001 3110 1268 3172 depressa
1293 3110 1733 3169 sublentisormia,
1776 3121 1848 3163 ut⁴
1875 3118 1983 3166 dia-

104 3186 276 3224 meter
304 3175 571 3224 verticalis
595 3174 919 3224 horizontali
947 3178 1118 3225 minor
1145 3181 1228 3237 sit,
1269 3191 1423 3244 parte
1469 3199 1596 3230 vero
1646 3184 1864 3233 dimidia
1904 3188 1987 3234 in·-

106 3244 310 3293 feriore
338 3256 496 3311 atque
534 3245 812 3308 superiore
837 3247 1202 3295 conformibus
1235 3249 1366 3309 (nisi
1396 3251 1532 3315 quod
1567 3253 1719 3317 prior
1754 3256 1978 3304 subinde

106 3314 320 3362 tenuior
351 3314 441 3376 sit)
474 3333 499 3363 a
525 3331 579 3362 se
615 3315 842 3362 invicem
874 3317 1067 3365 ambitu
1102 3329 1255 3365 acuto
1286 3318 1554 3368 distinctis
1577 3359 1589 3380 ,
1647 3335 1700 3371 ut
1741 3325 1978 3388 pei-ithe-

111 3383 251 3442 cium
284 3383 551 3449 integrum
594 3400 621 3431 e
664 3381 807 3432 binis
851 3386 1055 3453 globuli
1097 3388 1389 3453 segmentis
1429 3390 1737 3458 aequalibus
1781 3394 1976 3443 hemis-

105 3452 326 3521 phaerio
352 3453 649 3505 minoribus
677 3455 1030 3521 compositum
1058 3456 1317 3509 videatur.
1394 3459 1606 3510 Thecae
1629 3461 1804 3511 variae
1835 3480 1976 3512 mao-

1556 3531 1633 3582 9*
1919 3500 1950 3531 '⁰
