2163 3852
146 82 250 136 126
709 78 1019 132 Lucanum.
1089 77 1467 134 Vznaucmu.

148 227 599 297 praecedentibus
628 228 860 294 majora,
900 228 1217 280 tenuissime
1254 229 1536 296 papillam,
1586 230 1652 279 ad
1689 229 2038 299 epidermidis

148 299 421 349 detractae
460 299 706 366 paginam
740 297 1062 349 inferiorem
1099 299 1420 365 prominula.
1494 300 1784 368 Specimen
1821 304 2041 352 unicum

145 386 422 430 mancum,
464 369 764 419 accuratius
794 386 904 419 non
935 368 1320 420 definiendum.

294 455 494 507 Crescit
523 456 578 505 in
615 455 873 505 arborum
919 456 1119 508 cortice
1140 456 1362 523 juniore
1388 476 1563 528 prope
1589 455 1769 520 Para‘,
1807 452 2053 523 confinia¹

158 526 511 580 Verrucuriae
533 522 907 595 punctg'sormc’.

536 667 580 709 5.
621 675 1113 713 vennocnua
1169 675 1572 713 xrnonnzs·
1617 665 1650 719 ἦ·

284 759 349 811 V.
388 771 565 810 crusta
612 760 1332 812 laminoso-membranacea
1378 761 1724 810 nitidiuscula
1768 758 2034 827 spadicea‚

140 829 444 895 apotheciis
495 831 788 897 majoribus
828 831 1274 899 hemisphaericis
1317 831 1538 892 nitidis,
1589 829 1881 898 perithccii
1918 829 2036 880 basi

143 899 518 950 subcontinua-

282 989 502 1037 Thallus
540 1000 880 1050 crustaceus‚
939 988 1028 1038 vix
1070 988 1547 1056 hypophloeodeS‚
1602 989 1780 1039 tenuis
1812 1004 1942 1039 vero
1976 997 2032 1038 et

141 1073 263 1106 cum
301 1059 505 1107 cortice
544 1059 1084 1108 rimuloso-striatus
1114 1063 1409 1128 coloreque
1449 1061 1710 1128 singulari
1751 1059 2033 1125 spadiceo·

139 1127 449 1178 rarescente
502 1140 557 1177 et
608 1129 912 1178 virescente
963 1130 1047 1178 vel
1099 1130 1259 1180 etiam
1308 1131 1548 1179 alutaceo
1591 1131 1792 1196 lignum
1832 1129 2031 1178 nudum

139 1199 421 1255 simulans,
476 1199 532 1246 in
569 1198 804 1249 confinio
851 1200 1083 1265 plurium
1136 1200 1491 1266 speciminum
1547 1200 1650 1249 late
1687 1211 2032 1248 extensorum

136 1268 627 1334 nigro-limitatus.
717 1270 1013 1336 Apolhecia
1071 1269 1885 1335 subconico-hemisphaerica‚
1942 1269 2031 1318 vix

133 1339 240 1388 ulla
279 1350 447 1388 aetate
488 1340 766 1406 papillam,
819 1340 987 1407 magis
1024 1342 1266 1389 minusve
1305 1341 1556 1407 copiosa,
1609 1340 1734 1388 hinc
1785 1357 2029 1388 nonnun-

135 1427 291 1477 quam
329 1408 452 1458 bina
490 1408 813 1460 confluentia
865 1423 1120 1470 connata,
1175 1411 1382 1478 singula
1421 1410 1670 1471 diametri
1707 1409 1826 1458 fere
1867 1408 2026 1462 dimi-

131 1479 274 1530 diam
310 1479 507 1529 lineam
545 1482 839 1548 aequantis.
916 1480 1130 1531 'l'hecae
1169 1499 1391 1548 pai-vae,
1444 1481 1742 1548 oblongae,
1782 1479 2024 1531 seriatim

130 1550 519 1610 cohaerentes,
560 1553 801 1617 sporulas
840 1552 1091 1620 globosas
1130 1553 1282 1602 binas
1319 1563 1565 1601 ternasve
1604 1553 1869 1602 foventes.

281 1636 483 1688 Crescit
514 1638 587 1688 ad
608 1638 866 1689 arborum
898 1639 1149 1690 corticem
1174 1658 1348 1709 prope
1376 1636 1542 1688 Parci.

501 1780 548 1824 6.
591 1788 1077 1826 VERRUCARIA
1119 1787 1661 1826 HYMNOTHORA.

270 1873 336 1924 V.
376 1884 593 1934 „crusta
631 1874 1035 1924 membranacea
1065 1874 1326 1940 laevigata
1352 1874 1864 1942 albo-pallescente,
1903 1889 2033 1940 apo-

134 1941 330 1993 theciis
369 1943 1044 2011 plano-convexiusculis,
1094 1945 1401 2012 perithecio
1440 1945 1494 1993 in
1533 1944 1732 1994 ambitu
1770 1943 2031 2011 deprcsso

133 2014 393 2080 papillato
446 2014 693 2063 nucleum
733 2016 1001 2082 profunde
1039 2017 1346 2065 immersum
1389 2015 1775 2082 subglohosum
1813 2014 2031 2082 nigrum

133 2085 453 2134 minutulum
493 2102 650 2152 supra
687 2090 968 2154 tegente.“
1042 2084 1252 2135 Aclzar.
1281 2082 1612 2154 Liclzenogr.
1649 2083 1794 2135 univ.
1814 2102 1873 2152 p.
1906 2085 2027 2136 280.

130 2152 268 2223 Syn,
292 2173 350 2222 p.
392 2171 511 2220 292.

278 2241 477 2292 Crescit
515 2242 567 2291 in
621 2242 883 2293 Amet-ica
927 2242 1272 2294 meridionali
1306 2243 1381 2293 ad
1423 2241 1677 2293 corticem
1715 2240 2031 2312 Bignom'ae

133 2311 436 2382 triplzyllae
472 2312 755 2380 (chtrlz.)

270 2403 333 2453 V.
383 2403 887 2468 hymnothora‘?
942 2414 1295 2465 castanea3
1337 2403 1369 2455 †
1410 2413 1585 2452 crusta
1624 2413 2031 2452 cerato-mem·

131 2471 392 2522 branacea
415 2473 582 2523 nitida
618 2487 891 2533 castanea,
933 2473 1229 2540 apotheciis
1263 2473 1552 2539 majoribus
1593 2472 2029 2523 convexiusculi·

132 2543 525 2610 subelliplicis‚
582 2545 649 2594 ad
704 2545 959 2594 ambitum
1012 2544 1539 2610 plano-depressis,
1603 2554 1792 2592 centro
1840 2541 2032 2595 umbo-

131 2625 257 2664 nato
295 2615 581 2679 papillato,
622 2615 927 2680 perithecio
966 2632 1114 2665 mere
1153 2632 1383 2682 supero,
1422 2614 1617 2665 nucleo
1655 2613 1941 2681 depresso.

271 2699 417 2769 Sysl.
460 2697 756 2770 Lich.fig.
803 2704 880 2754 13.
920 2720 968 2752 α.
1010 2701 1061 2754 b·

264 2791 482 2840 Thallus
516 2804 855 2849 crustaceus,
897 2792 1001 2841 late
1043 2803 1294 2841 extensus
1317 2826 1329 2849 ‚
1380 2789 1600 2840 omnino
1637 2789 1934 2856 laevigatus
1971 2801 2025 2841 et

128 2859 367 2920 nitidus,
432 2861 631 2911 coloris
684 2864 917 2912 castanei
967 2862 1093 2911 hinc
1131 2863 1255 2912 inde
1296 2861 1349 2909 in
1389 2860 1686 2909 alutaceum
1724 2861 2021 2927 vergentis,

129 2931 413 2980 umbratim
462 2932 805 2999 mai-ginatus.
878 2932 1174 3000 Apothecia
1223 2930 1287 2981 ab
1336 2931 1495 2980 initio
1534 2948 1720 2997 parum
1758 2930 2020 2996 elliptica,

128 3001 332 3049 ambitu
383 3001 468 3050 vix
522 3021 679 3069 supra
727 3014 960 3054 crustam
1015 3004 1254 3062 elevato,
1305 3001 1484 3052 medio
1523 3001 1810 3050 umbonata
1847 3011 1903 3050 et
1939 3010 2022 3050 te·

125 3071 385 3120 nuissime
439 3073 730 3138 papillam,
786 3073 1153 3141 magnitudine
1200 3072 1374 3128 varia,
1437 3070 1686 3120 diametri
1734 3086 1904 3138 usque
1956 3068 2023 3119 ad

126 3158 281 3189 unam
304 3140 528 3204 lineam,
565 3142 777 3208 juniora
815 3160 844 3193 e
883 3143 1240 3193 membranula
1277 3141 1511 3191 thallode
1549 3141 1780 3191 obducta
1814 3139 2025 3189 caesio-

124 3210 307 3277 nigra‚
347 3211 519 3261 adulta
558 3224 670 3261 atra
709 3230 772 3262 ex
810 3214 994 3263 eadem
1033 3214 1202 3263 nitida
1226 3250 1241 3274 ‚
1280 3213 1451 3262 rarius
1492 3211 1852 3278 prosilientia.
1910 3210 2021 3258 Nu-

125 3280 273 3331 cleus
312 3281 878 3349 depresso-conicus‚
933 3284 1017 3332 vix
1063 3284 1259 3333 cortici
1311 3283 1612 3331 immersus.
1686 3280 1815 3331 Asci
1848 3280 2018 3346 cylin-

123 3351 263 3402 drici
300 3350 480 3400 thecas
518 3352 703 3402 fovent
739 3365 991 3420 septenas
1029 3364 1248 3404 octonas
1278 3353 1650 3410 triannulatas,
1690 3367 1824 3419 quae
1856 3349 2017 3400 etiam

122 3421 296 3470 nudae
351 3422 578 3472 seriatae
628 3435 954 3489 occurrunt,
1004 3425 1184 3492 sporis
1231 3423 1352 3474 aliis
1398 3421 1645 3493 globosis
1684 3420 2014 3473 intermixtis

127 3490 252 3556 (csr.
295 3491 509 3544 iconem
547 3492 810 3559 citatam.)
