2163 3852
237 150 343 204 210
816 144 1115 193 Lxcnun.
1178 146 1490 195 Piniana.

240 297 322 346 fra
360 295 642 347 ater-rimae
677 291 1013 360 hispidulae‚
1050 292 1202 359 apice
1241 293 1354 355 vel,
1392 295 1483 342 ubi
1519 291 1844 342 dichotomia
1882 311 2104 362 praepa-

239 379 413 426 ratur,
454 366 696 416 dilatatae
737 363 1095 430 emarginatae
1143 361 1260 423 vel,
1311 363 1531 414 obtusae
1567 362 1879 412 rotundatae
1918 382 2106 431 parum

238 434 488 494 reflexae,
524 445 582 482 ut
618 430 831 482 inflatae
868 433 1165 484 videantur.
1239 432 1508 483 Scutellae
1557 448 1800 499 sparsae,
1865 433 2103 499 plerum-

239 523 345 574 que
401 503 585 554 obviae
636 502 698 552 ad
736 503 885 552 thalli
933 501 1261 561 divisiones,
1323 502 1442 563 (ubi
1494 519 1557 551 ex
1595 501 1878 552 earundem
1914 503 2104 553 abortu

240 574 452 640 saepius
504 573 738 622 maculae
792 573 978 640 nigrae
1033 572 1437 633 observantur),
1498 572 1792 622 crassiores
1841 583 1896 622 et
1930 573 2104 622 minus

238 645 453 711 quidem
492 643 693 708 amplae
734 660 889 711 quam
918 643 974 691 in
1012 640 1356 693 varietatibus
1391 641 1859 708 praecedentibus,
1895 657 1995 708 pro
2030 643 2107 691 la-

237 714 512 763 cinearum
549 730 678 762 vero
715 713 986 780 angustia,
1026 728 1153 779 quas
1189 710 1350 777 duplo
1385 712 1550 779 triplo
1589 712 1651 760 atl
1680 712 1997 768 diametrum
2019 729 2107 761 su-

234 795 440 848 perant,
481 782 607 832 satis
647 799 882 850 magnae.
954 782 1150 831 Discus
1202 791 1505 831 constanter
1556 797 1816 833 concavus
1833 797 1850 845 3
1918 798 2104 850 margo

231 853 410 918 junior
445 852 748 911 tumidulns,
788 852 996 901 demum
1033 850 1149 900 fere
1184 850 1375 899 nullus.

370 938 571 989 Crescit
611 938 682 987 ad
721 938 868 1006 ripas
899 935 1063 1002 fluvii
1100 937 1467 1000 Amazonum,
1518 936 1692 988 mixta
1721 936 2106 1005 praece-ademi

235 1009 489 1061 varietati
521 1017 571 1059 et
605 1007 909 1057 Parme-»liae
941 1007 1327 1057 camtsclzaclali
1366 1027 1484 1063 var.
1525 1007 1878 1060 rhodomelae.

365 1105 602 1167 Adnot.
639 1107 831 1155 Forma
869 1105 1000 1154 haec
1035 1106 1278 1172 proxima
1329 1105 1729 1155 Parmeliae
1778 1119 2100 1170 consper-

230 1195 345 1228 sae
383 1194 492 1228 var.
537 1189 787 1241 stenop
813 1175 1075 1240 hyllae‚
1115 1192 1143 1223 e
1182 1175 1366 1241 paucis
1422 1192 1557 1243 quae
1619 1174 1804 1227 adsunt
1851 1173 2100 1241 specimi-

224 1248 403 1307 nibus,
442 1263 550 1296 non
577 1245 872 1295 accuratius
894 1243 1210 1294 definienda.
1249 1243 1452 1294 Differt
1477 1246 1773 1312 generatim
1801 1263 1828 1293 a
1851 1246 1910 1293 P.
1950 1261 2100 1294 con-

230 1336 302 1383 sp
322 1334 478 1366 ersa
515 1317 555 1365 Α
577 1315 671 1365 ch.
714 1317 894 1383 (quam
935 1318 994 1363 P.
1033 1330 1060 1364 c
1083 1332 1113 1364 o
1135 1315 1192 1362 ri
1212 1332 1414 1364 aceae
1455 1332 1668 1384 quoque
1691 1313 2098 1382 subjungimus),

225 1388 388 1437 thallo
424 1386 710 1453 rigidiore,
750 1385 932 1434 colore
968 1383 1225 1433 intensius
1263 1383 1559 1436 lutescente
1594 1402 1694 1436 nec
1730 1385 1916 1443 livido,
1970 1383 2099 1434 laci-

225 1458 332 1506 niis
385 1455 636 1517 (nostris)
694 1465 999 1505 constanter
1045 1455 1267 1516 iisdem,
1319 1456 1485 1523 inagis
1541 1455 1802 1523 elongatis
1865 1455 2102 1504 exactius

222 1525 516 1575 linearibus
555 1525 722 1593 (quod
751 1525 806 1573 in
836 1527 896 1573 P.
939 1541 1360 1590 conspersae
1397 1526 1612 1575 nonnisi
1636 1525 1848 1575 laciniis
1875 1524 2100 1574 maxime

221 1595 526 1654 attenuatis,
563 1595 761 1644 nostris
783 1595 946 1643 multo
967 1594 1277 1656 minoribus,
1318 1594 1675 1654 observatur),
1716 1596 1838 1646 (lein
1876 1593 2100 1661 apothe-

219 1667 324 1717 ciis
361 1664 778 1732 nigricantibus:
817 1664 1148 1714 characteres
1173 1663 1387 1731 quidem
1409 1683 1512 1715 non
1552 1666 1760 1715 minimi
1796 1663 2088 1726 momenti3

218 1737 315 1785 sed
351 1735 566 1784 lacinias
602 1734 854 1783 habemus
895 1737 953 1784 P.
994 1750 1259 1800 conspe
1281 1751 1433 1784 rsae
1469 1734 1601 1784 Ach.
1634 1734 1930 1795 nonnullas,
1967 1751 2093 1783 nos-

217 1805 320 1854 tris
356 1805 422 1853 ad
457 1821 613 1854 ovum
650 1820 750 1853 ovo
787 1804 1206 1870 respondentes,
1264 1816 1316 1852 et
1355 1805 1530 1854 discus
1566 1804 1838 1872 nigricans
1875 1819 2094 1873 quoque

218 1875 276 1923 in
320 1872 712 1940 'speciminibus
765 1873 965 1938 prioris
1016 1873 1296 1922 exsiccatis
1343 1891 1449 1923 non
1495 1891 1617 1923 raro
1659 1875 1984 1924 observatur.
2022 1905 2094 1916 —-

217 1943 572 1994 Parmelia
619 1943 1028 2008 centrifuga
1076 1942 1224 1992 Ach.
1273 1942 1460 1994 differt
1511 1943 1723 1997 laciniis
1767 1944 2086 2008 minoribus,

217 2014 423 2082 pluries
460 2012 664 2075 divisis,
703 2013 758 2062 in
797 2012 982 2063 orbem
1017 2024 1264 2063 zonatum
1286 2013 1572 2065 concretis.

654 2181 727 2224 22·
785 2186 1171 2222 PARMELIA
1256 2186 1569 2223 CARNEA.
1624 2176 1654 2227 ÷

353 2302 416 2349 P.
455 2298 619 2348 thallo
659 2296 952 2348 orbiculari
982 2297 1216 2349 foliaceo
1254 2298 1516 2366 laevigato
1553 2315 1750 2350 carneo
1793 2301 1976 2350 subtus
2003 2299 2085 2352 ni-

218 2371 703 2436 gro-fuscescente
741 2368 903 2428 nudo,
942 2368 1082 2417 lobis
1120 2369 1414 2419 rotundatis
1437 2369 1933 2420 sinuato-crenatis
1962 2370 2086 2421 sub-

218 2441 432 2499 ciliatis,
474 2438 881 2505 apotheciorum
920 2438 1068 2489 disco
1105 2438 1282 2495 badio,
1322 2439 1560 2507 margine
1599 2440 1931 2491 tenuissimo.

357 2510 571 2560 Thallus
619 2509 1049 2558 membranaceus
1101 2509 1275 2559 tenuis
1327 2513 1444 2558 fere
1511 2526 1860 2575 papyraceus,
1916 2510 2083 2572 laxus,

216 2580 366 2631 valde
402 2580 689 2647 laevigatus
729 2578 845 2627 fere
866 2579 1083 2636 nitidus,
1123 2580 1394 2645 eleganter
1433 2578 1718 2636 coloratus,
1759 2596 1982 2630 carneus
2031 2593 2085 2633 ct

218 2651 738 2716 subpurpurascens‚
806 2648 985 2696 subtus
1033 2649 1087 2695 in
1135 2649 1311 2697 medio
1365 2647 1549 2712 niger,
1601 2665 1786 2697 versus
1834 2651 2087 2701 ambitum

216 2721 403 2769 badius
441 2719 670 2777 nitidus,
718 2718 954 2783 margine
1009 2720 1233 2784 sparsim
1282 2719 1625 2786 breviterque
1677 2718 1876 2768 ciliato.
1953 2723 2084 2771 Scu-

135 2828 144 2837 .
215 2790 374 2839 tellae
411 2806 577 2858 aeque
619 2800 824 2846 tenues,
864 2787 1198 2853 majusculae,
1239 2803 1517 2847 concavae,
1556 2804 1651 2839 ore
1692 2799 1963 2840 contracto
1986 2808 2080 2857 pa-

214 2878 330 2923 rum
364 2877 521 2925 supra
554 2858 770 2908 thallum
809 2857 1061 2918 elevatae,
1101 2858 1282 2907 subtus
1320 2857 1374 2906 in
1412 2858 1574 2908 dorso
1612 2857 1761 2908 thalli
1797 2875 1972 2911 cavae.

357 2953 558 3005 Crescit
596 2954 647 3004 in
683 2952 966 3022 provincia
1003 2951 1196 3003 Minas
1241 2952 1460 3006 Geraes.

760 3117 985 3164 SECTIO
1029 3121 1115 3165 VI.
1182 3116 1534 3164 LOBARIA.

353 3243 646 3305 Lobariac‚
686 3241 838 3292 Fries
868 3241 946 3311 pl.
984 3240 1194 3290 ltomon.
1234 3238 1269 3289 l.
1308 3259 1352 3291 c.
1389 3252 1527 3312 spec.

347 3333 607 3382 Lobariae
650 3345 779 3382 sect.
817 3331 1171 3392 Platismatis,
1210 3326 1415 3399 Hoffm.
1453 3331 1490 3381 I.
1528 3348 1573 3383 c.
1623 3349 1760 3400 spec.

354 3422 588 3480 Stictae,
626 3419 765 3468 Acle.
805 3417 1131 3486 Lichenogr.
1170 3419 1318 3473 univ.
1351 3439 1488 3489 spec.

345 3510 614 3560 Lichenes
650 3508 882 3569 latifolii,
934 3506 1217 3558 [Vahlenh.
1265 3506 1341 3557 H.
1380 3507 1527 3559 Succ.
1558 3526 1614 3577 p.
1654 3511 1772 3560 821.
1813 3509 2085 3563 nonnulli.‘
