2163 3852
159 182 260 247 232
668 190 675 195 ·
775 176 1074 225 Licxmusss.
1138 175 1419 237 Commu.

170 329 403 398 gelatina
445 327 651 392 hyalina
706 327 889 382 <etiam
939 325 1002 376 ad
1066 324 1345 380 maximum
1403 332 1736 390 augmentum
1793 321 2040 385 similari)

171 402 308 448 intra
340 408 560 446 stratum
588 396 839 446 corticale
867 396 1039 447 viride
1072 395 1331 462 repletur,
1372 394 1457 442 cui
1483 395 1689 442 innatae
1725 403 1846 443 sunt
1877 391 2041 440 fibrae

170 468 468 536 pellucidae
519 466 824 515 articulatae
870 483 964 516 seu
1009 466 1251 532 sporulas
1294 462 1540 531 globosas
1578 462 1858 520 foventes,
1912 461 2047 510 aliae

171 536 470 601 (demumC’)
525 536 948 596 nioniliformes,
1000 535 1182 604 quales
1226 534 1384 583 icone
1421 534 1583 595 citato
1623 531 2047 597 repraesentavi-

172 625 315 664 mus,
372 605 462 653 ubi
503 600 639 672 (fig.
679 603 753 654 ΙΙ.
795 616 844 667 4.
883 608 933 657 5.
979 615 1026 654 et
1068 605 1142 669 (J.)
1197 604 1260 652 ad
1299 604 1551 653 sectionis
1590 601 1726 650 latus
1775 601 2049 650 sinistrum

169 675 462 743 particulae
533 675 759 725 limitem
826 677 893 726 ob
951 675 1294 725 substantiam
1356 673 1701 741 gelatinosam
1767 671 2050 720 dissectam

169 746 355 796 umbra
411 745 716 807 distinctum
764 763 863 796 nec
917 746 1075 795 ullam
1132 743 1318 793 fibram
1370 743 1593 793 solutam
1657 741 2049 809 prominentem

172 815 278 878 (uti
360 816 535 864 solent
598 815 765 866 fibrae
849 817 1072 865 aliorum
1141 813 1411 862 lichenum
1492 813 1695 862 liberae
1771 821 2049 860 contextae

170 901 275 934 nec
343 885 666 936 substantiae
734 887 996 953 peculiari
1059 884 1366 945 immersae)
1434 882 1727 949 conspicis.
1814 879 2051 932 Omnino

170 956 270 1004 hac
322 966 587 1004 structura
642 957 965 1005 conveniunt
1016 955 1302 1004 Collemata
1352 969 1469 1002 cum
1518 968 1717 1019 genere
1765 952 1856 1000 No
1876 961 2053 1010 stoc,

169 1043 349 1092 neque
402 1025 621 1080 dubito,
692 1025 846 1090 hujus
900 1026 1107 1091 species
1158 1022 1410 1090 plurimas
1457 1022 1533 1070 nil
1581 1039 1700 1071 esse
1754 1021 1859 1071 nisi
1898 1017 2054 1070 Col-

173 1096 430 1146 lemata
470 1094 677 1144 sterilia
711 1094 1022 1144 humiditate
1063 1095 1222 1143 nimia
1259 1092 1558 1160 turgentia,
1612 1091 1795 1140 eadem
1843 1089 2058 1139 ratione

177 1183 281 1233 qua
353 1165 406 1213 in
481 1165 600 1213 aliis
666 1164 970 1214 lichenibus
1039 1163 1391 1231 rigidioribus
1462 1161 1753 1228 epidermis
1828 1160 2058 1209 disrum-

173 1237 321 1302 pitur
351 1247 402 1283 et
433 1235 724 1283 substantia
754 1236 984 1284 interior
1011 1251 1179 1302 aeque
1211 1232 1483 1282 luxurians
1515 1230 1851 1285 sorediorum
1883 1229 2058 1278 forma

170 1305 508 1371 prorumpit,
563 1316 707 1354 totus
747 1305 979 1372 denique
1019 1305 1224 1353 Lichen
1263 1304 1317 1351 in
1372 1301 1771 1368 Leprariam
1829 1298 2053 1360 (Cvonio-

174 1387 478 1440 myceten
518 1377 780 1439 spurium)
818 1387 1214 1425 transmutatur.
1291 1373 1381 1424 Sic
1413 1389 1626 1440 quoque
1661 1369 2057 1433 metamorpho-

178 1446 253 1495 sis
304 1464 331 1494 a
375 1445 618 1512 pluribus
657 1447 939 1497 observata
979 1443 1301 1496 Nostocis
1344 1443 1400 1492 in
1453 1441 1762 1499 Collema
1799 1439 2062 1496 facillime

178 1516 496 1582 explicatur.

317 1587 394 1633 Ex
437 1586 520 1634 liis
570 1586 699 1635 satis
748 1596 931 1652 patent
965 1601 1179 1635 errores
1217 1583 1511 1632 Auctorum
1563 1581 1931 1631 recentiorum
1969 1577 2063 1646 qui

176 1673 345 1723 genus
396 1656 628 1705 Collema
682 1656 1067 1723 repudiarunt:
1125 1654 1214 1703 Sic
1263 1653 1390 1700 alias
1441 1653 1812 1719 sagacissimus
1862 1648 2061 1699 Wah-

173 1727 577 1793 lenbergius
617 1723 793 1789 (Flor.
825 1729 976 1775 Suec.
1011 1744 1066 1791 ρ.
1099 1721 1246 1784 840.)
1280 1724 1346 1771 ad
1382 1723 1743 1772 Lichenem
1779 1717 2065 1769 tremel-

176 1795 434 1845 loidem
490 1814 639 1844 suum
685 1796 1020 1845 observans:
1079 1793 1463 1853 „constituitur
1510 1793 1637 1855 solis
1678 1790 1884 1840 cellulis
1927 1804 2064 1856 aqua

178 1864 495 1929 „distentis‚
536 1867 730 1915 nullam
770 1866 1055 1934 gelatinam
1095 1863 1262 1911 multo
1302 1862 1475 1911 minus
1514 1861 1697 1928 gluten
1735 1857 2065 1909 continenti-

180 1935 388 1997 ,‚bus“>‚
430 1937 622 1986 exinde
650 1936 864 2003 generis
903 1932 1303 1986 Collematis
1338 1949 1534 1980 nomen
1565 1931 1832 1995 chymicae
1868 1928 2066 1979 consti-

178 2005 380 2055 tutioni
426 2008 754 2056 contrarium
803 2006 1033 2065 habens,
1099 2021 1164 2053 eo
1213 2002 1468 2068 deceptus
1518 2001 1649 2059 fuit,
1704 1999 1851 2068 quod
1903 2008 2066 2061 strata

179 2075 307 2124 bina
335 2077 610 2125 corticalia
638 2078 692 2124 in
722 2076 806 2124 his
836 2074 1166 2125 Mallotiis
1195 2071 1779 2139 hexagono-cellulosa‚
1807 2069 2067 2124 facillime

181 2147 525 2207 secendentia
565 2147 688 2208 (cfr.
724 2141 1041 2213 Hoffmann,
1083 2144 1254 2193 Plant.
1282 2141 1432 2191 Lich.
1476 2143 1596 2194 Vol.
1623 2139 1701 2189 JI.
1736 2159 1787 2207 p.
1816 2142 1924 2202 41.)
1964 2154 2065 2206 pro

183 2215 392 2281 integra
431 2216 606 2282 planta
635 2216 819 2266 habuit
861 2227 1188 2282 stratumque
1230 2212 1554 2272 medullare,
1590 2211 1681 2261 hic
1721 2211 1940 2281 quidem
1983 2220 2069 2264 te-„

181 2286 528 2349 nuissimum‚
567 2305 675 2336 non
714 2305 843 2338 vero
882 2284 1139 2336 deficiens
1178 2283 1546 2351 praetervidit.
1755 2287 1757 2290 ’

319 2358 505 2424 Neque
543 2374 710 2424 genus
748 2358 803 2406 in
840 2357 992 2424 plura
1021 2354 1266 2406 dividere
1296 2353 1590 2403 consultum
1622 2351 1855 2402 videtur.
1933 2349 2068 2402 Seu-2

182 2426 381 2478 tentiae
432 2427 845 2478 Wallrothii
896 2426 1070 2476 nostri
1118 2425 1379 2474 accedere
1429 2441 1537 2472 non
1594 2438 1904 2488 possumus,
1976 2420 2069 2486 qui

182 2498 396 2563 species
443 2508 609 2547 strato
651 2498 896 2546 corticali
934 2497 1192 2547 celluloso
1234 2495 1515 2542 distinctas
1554 2493 1615 2541 ad
1657 2488 2068 2542 Parmeliam

179 2567 388 2616 reducit
423 2567 508 2617 vel
542 2568 597 2615 in
642 2570 920 2633 proprium
960 2584 1128 2634 genus
1180 2563 1696 2627 (Lemniscium
1737 2559 1771 2608 l.
1811 2577 1857 2609 c.
1898 2556 1946 2609 I.
2006 2577 2070 2627 p.

185 2636 302 2697 246.
329 2634 407 2686 ll.
440 2655 496 2701 ρ.
521 2640 664 2701 215.)
699 2638 917 2704 redigit,
957 2647 1301 2703 caeterasque
1334 2633 1547 2682 nomine
1581 2632 1918 2681 lichenum
1950 2628 2068 2680 ho·

182 2723 640 2756 moeomerum
681 2719 952 2768 removet3
1020 2706 1203 2755 eadem
1259 2704 1399 2753 enim
1446 2700 1752 2764 differentia
1793 2717 1820 2748 e
1859 2699 2070 2749 cellulis

185 2778 338 2824 strati
391 2778 658 2827 corticalis
713 2779 879 2845 magis
923 2777 1162 2824 minusve
1202 2773 1510 2839 conspicuis
1553 2773 1636 2822 vel
1684 2770 1899 2820 omnino
1939 2768 2071 2819 defi-

186 2846 457 2895 cientibus
506 2847 558 2894 in
611 2848 730 2897 aliis
788 2862 1002 2916 qnoque
1057 2846 1328 2894 lichenum
1378 2843 1733 2892 soliaceorum
1782 2840 2073 2907 generibus

185 2917 458 2975 occurrit,
501 2917 625 2978 (cfr.
667 2918 803 2966 icon.
840 2915 932 2966 sel.
976 2923 1152 2981 cry-pt.
1192 2914 1295 2967 tab.
1338 2914 1569 2976 variae),
1621 2912 1938 2978 speciesque
1994 2910 2072 2960 sic

184 2986 361 3036 dictae
412 2985 827 3037 homoeomeres
880 2987 1075 3053 (aeque
1118 3001 1177 3034 ac
1224 2986 1521 3047 Nostoc)
1576 2981 1914 3048 epidermide
1960 2997 2074 3028 non

188 3067 375 3106 carent
409 3058 556 3104 tenui
593 3060 841 3125 quidem,
897 3057 990 3106 sed
1031 3075 1057 3104 a
1096 3066 1260 3104 strato
1300 3054 1566 3103 lichenum
1606 3051 1851 3102 corticali
1894 3067 2076 3099 essen-

184 3126 389 3187 tialiter
427 3144 533 3175 non
568 3128 807 3186 diversa,
851 3143 1024 3194 eoque
1064 3125 1219 3174 etiarn
1260 3125 1444 3174 colore
1481 3123 1644 3175 viridi
1685 3120 1807 3189 (qui
1842 3137 1970 3170 vero
2010 3117 2077 3169 ad

188 3195 532 3262 superficiem
561 3216 666 3247 non
705 3197 961 3265 expallet)
992 3195 1362 3245 conveniente.
1403 3226 1471 3235 -
1519 3192 1733 3243 Divisio
1767 3191 1981 3258 generis
2018 3190 2078 3238 in

187 3266 311 3315 bina
366 3267 524 3317 citata
563 3269 824 3317 Friesii
865 3266 1152 3316 secundum
1204 3266 1498 3331 marginem
1550 3261 1891 3322 scutellarum
1950 3276 2078 3327 pro·

188 3337 364 3402 prium
412 3337 497 3386 vel
558 3350 757 3388 tantum
808 3337 1094 3389 thallodem
1145 3336 1444 3385 essentialis
1497 3333 1746 3401 quidem,
1814 3329 1909 3380 sed
1958 3345 2080 3380 cum

190 3407 491 3471 excipulum
538 3408 593 3456 in
638 3407 922 3473 speciebus
958 3406 1206 3457 foliaceis
1244 3422 1513 3474 nunquam
1551 3405 1708 3469 plane
1743 3400 1881 3450 desit
1916 3410 1974 3448 ut
2017 3400 2074 3447 in

189 3478 551 3538 Lecideis‚
608 3496 708 3530 nec
751 3496 859 3528 non
898 3477 1106 3544 saepius
1158 3493 1340 3542 margo
1392 3486 1619 3541 uterque
1667 3471 1805 3520 adsit
1853 3471 1908 3518 in
1953 3469 2081 3519 sub-A

188 3551 434 3612 {lamiam
482 3548 772 3612 similarem
820 3545 1125 3609 confluens,
1164 3545 1225 3609 hi
1268 3544 1470 3596 limites
1516 3542 1790 3606 nonsatis
1835 3538 2082 3598 distincti
2131 3587 2140 3599 ,
