2163 3852
746 183 1048 231 Licimxus·
1111 182 1385 231 Comatam.
1899 180 2000 233 231

750 395 874 440 x1x.
947 395 1373 443 COLLEMA.

273 522 414 588 Syst.
455 517 615 570 Lich.
658 536 716 585 p.
755 535 839 573 20.
885 549 952 560 -
1013 519 1160 572 Icon.
1201 518 1294 569 sel.
1335 528 1585 589 cryptog.
1629 523 1769 569 bras.
1819 537 1871 585 p.
1916 535 1997 585 27.

339 590 448 639 tab.
488 608 537 658 9.
579 584 688 654 fig.
728 605 774 641 ss.

265 686 600 744 Collematis,
639 682 774 734 Hill.
813 681 1016 754 Hoffm.
1058 682 1142 736 Fl.
1183 683 1361 735 Germ.
1396 684 1610 736 Schreb.
1655 683 1790 733 Gen.
1819 680 1996 751 plant.

331 753 660 822 Liclzenogr.
701 755 846 806 univ.
885 765 935 807 et
978 754 1115 826 Syn.
1151 753 1244 806 De
1289 753 1460 805 Cand.
1505 753 1587 804 Fl.
1631 751 1823 803 Franc.
1863 750 1997 816 Fe'e,

337 843 483 893 spec,
521 825 799 892 plurimae.

266 920 555 985 Lichenis,
621 920 788 971 Linn.
826 921 1034 972 Achar.
1082 919 1277 973 Prodr.
1322 918 1636 971 Bernhardi
1683 920 1736 968 in
1775 917 1997 968 Schrad.

329 988 516 1040 Journ.
565 990 854 1043 Wahlenb.
901 1010 1044 1062 spec.

263 1086 592 1150 Parmeliae,
631 1088 772 1138 Aclz.
810 1087 991 1139 Meth.
1033 1086 1160 1139 lich.
1199 1085 1410 1156 Riese?
1445 1096 1495 1137 et
1541 1083 1744 1138 Wallr.
1784 1103 1926 1154 spec.

259 1183 496 1234 Collema
535 1196 590 1235 et
627 1187 983 1255 Leptogium,
1022 1183 1199 1237 Fries.
1234 1184 1317 1251 pl.
1354 1182 1494 1235 hom.

263 1281 659 1344 Lcmniscium,
708 1280 912 1333 Wallr.

265 1377 618 1439 Geissodiae,
671 1382 882 1430 Venten.
923 1396 1066 1446 spec.

277 1495 794 1574 Apothecium
846 1496 1049 1576 junius
1095 1493 1549 1572 subglohosum‚
1597 1493 1837 1550 demum
1882 1493 2002 1549 dis-

118 1574 432 1647 coideum,
480 1577 759 1656 excipulo
804 1577 1075 1634 thallode
1117 1575 1540 1634 scutelliformi
1583 1575 1808 1632 sensim
1850 1573 2000 1631 dila-

113 1669 244 1748 tato
285 1656 788 1738 hypothecioque
837 1658 1068 1740 duplici
1102 1672 1445 1738 receptum,
1512 1656 1802 1715 alterutro
1840 1677 1996 1712 mar-

111 1752 401 1817 ginatum.

276 1847 330 1903 Τ
343 1846 384 1904 h
398 1869 434 1907 a
449 1847 506 1906 ll
521 1870 561 1905 u
579 1869 606 1906 s
654 1869 880 1907 corneo
901 1882 923 1893 -
941 1846 1334 1925 gelatinosus.

253 1980 495 2031 Adnot.
565 1981 750 2030 Genus
811 1981 1050 2030 naturale
1117 1979 1283 2030 thallo
1345 1979 1647 2049 gelatinoso
1715 1977 1994 2044 hucusque

115 2048 428 2101 distinctum
488 2069 626 2102 novo
717 2051 1027 2101 charactere
1073 2068 1100 2099 a
1147 2050 1385 2117 partibus
1421 2047 1856 2099 fructificationis
1905 2047 1993 2096 de-

112 2131 316 2182 sumto,
358 2121 626 2171 mimirum
659 2121 984 2187 hypothecio
1020 2120 1224 2185 duplici
1263 2123 1395 2189 (quo
1417 2120 1674 2171 convenit
1701 2135 1820 2168 cum
1853 2117 1992 2168 Cla-

113 2190 348 2251 donia,
390 2210 595 2242 summo
633 2192 1121 2241 Lecidinarum
1162 2192 1389 2259 genere)
1430 2190 1819 2249 stabilivimuS,
1860 2204 1993 2255 quo-

109 2278 227 2310 rum
261 2261 488 2310 inferius
519 2263 573 2310 in
606 2263 850 2328 pluribus
887 2261 1170 2328 speciebus
1201 2261 1494 2328 praecipue
1528 2260 1784 2309 sectionis
1818 2260 1951 2323 Lep
1973 2287 1989 2295 -

108 2331 287 2397 togii
328 2332 781 2381 membranaceum
824 2331 1057 2380 albidum
1091 2332 1350 2381 sectionis
1390 2348 1492 2398 ope
1524 2331 1627 2396 jam
1659 2329 1817 2379 oculo
1848 2328 1989 2376 nudo

107 2401 582 2467 conspiciendum,
631 2402 687 2450 in
727 2403 845 2451 aliis
888 2402 956 2451 ob
993 2401 1231 2452 colorem
1262 2401 1470 2450 fuscum
1506 2418 1624 2449 cum
1655 2410 1822 2448 strato
1860 2414 1983 2462 apo·

100 2470 270 2520 thecii
323 2473 610 2538 superiore
667 2473 1079 2522 convenientem
1139 2470 1418 2521 difficilius
1474 2469 1832 2537 detegendum
1885 2479 1982 2516 est.

103 2537 230 2608 (qsr.
269 2539 389 2590 icon
422 2540 517 2591 sel.
557 2540 593 2590 l.
633 2543 722 2607 0.).
798 2543 1063 2592 Scutellae
1112 2554 1394 2606 praeterea
1437 2540 1646 2589 adultae
1690 2557 1799 2589 non
1846 2554 1982 2585 sem-

103 2629 206 2677 per
241 2612 620 2662 Parmeliae
661 2613 725 2661 ad
763 2612 975 2661 modum
1016 2612 1254 2678 margine
1288 2612 1522 2679 gaudent
1558 2608 1829 2667 thallode,
1871 2624 1983 2655 sac-

102 2681 225 2748 pius
278 2699 406 2731 vero
455 2683 797 2731 Lecideae
852 2684 916 2731 ad
967 2681 1209 2749 speciem
1262 2682 1485 2749 proprio
1540 2697 1605 2729 ex
1654 2676 1979 2745 hypothecio

103 2751 403 2812 inferiore,
447 2753 530 2802 vel
570 2753 841 2802 communi
881 2771 945 2802 ex
983 2764 1210 2820 utraque
1248 2752 1512 2802 subtantia
1540 2748 1852 2816 hypothecii
1889 2766 1982 2796 ex-

100 2822 376 2888 cipulique
405 2823 655 2872 thallodis
688 2821 1023 2882 confluente,
1065 2823 1208 2890 quod
1236 2841 1299 2872 ex
1326 2823 1509 2871 colore
1539 2819 1793 2888 marginis
1825 2834 1979 2884 prae·-

100 2891 257 2957 cipue
288 2892 343 2939 in
387 2893 725 2942 Mallotiis
763 2893 1029 2941 albicante
1066 2893 1229 2943 facilc
1270 2891 1632 2959 cognoscitur.
1705 2892 1823 2938 Hae
1862 2905 1979 2936 eae⁴

99 2961 221 3011 dem
264 2961 518 3011 scutellae
557 2964 806 3029 excipulo
845 2974 1125 3029 praeterea
1162 2963 1450 3030 singulari,
1517 2960 1726 3027 podetii
1764 2958 1827 3008 ad
1865 2957 1976 3007 for-

97 3037 236 3080 mam
275 3031 442 3099 magis
480 3032 719 3081 minusve
759 3035 966 3082 elevato
1007 3034 1364 3101 elongatoque
1402 3031 1668 3092 insident,
1729 3046 1834 3097 quo
1875 3030 1975 3075 ite-

97 3120 216 3151 rum
253 3102 470 3169 generis
518 3118 639 3150 cum
673 3103 994 3153 Cladonia
1030 3104 1273 3171 analogia
1308 3102 1581 3170 probatur.

236 3199 540 3247 Collema
579 3198 801 3265 insuper
840 3199 991 3247 thalli
1032 3200 1216 3249 indole
1259 3195 1545 3266 singulari,
1602 3214 1709 3246 non
1753 3203 1969 3249 tantum,

95 3282 152 3317 ut
194 3267 402 3327 dicunt,
456 3269 752 3328 subtantia,
811 3268 906 3318 sed
954 3269 1115 3318 etiam
1157 3281 1423 3319 structura
1475 3287 1500 3317 a
1541 3266 1771 3316 caeteris
1809 3263 1966 3311 licher

93 3338 250 3385 nibus
289 3338 627 3398 distinctum,
681 3339 831 3405 Algis
873 3339 1054 3405 potius
1091 3340 1350 3408 aquaticis
1394 3336 1683 3405 (imprimis
1723 3337 1970 3384 Nesto·-

95 3408 328 3457 chinis
380 3411 490 3475 Ag.
537 3412 916 3458 Lemaneae
954 3410 1094 3476 Ag.)
1134 3411 1349 3459 omnino
1387 3409 1714 3458 conveniens
1803 3406 1968 3450 Totus
2040 3400 2049 3415 ¹

93 3477 344 3525 nimirum
384 3477 573 3528 thallus
611 3479 745 3542 (non
793 3491 991 3529 tantum
1027 3481 1191 3530 Coll.
1244 3480 1544 3546 pulposi,
1603 3476 1694 3526 sed
1740 3473 1826 3523 vix
1863 3489 1969 3520 non

92 3547 330 3599 omnium
370 3549 674 3615 specierum
717 3560 851 3600 statu
892 3561 1085 3618 vegeto
1126 3561 1246 3601 ante
1274 3549 1634 3611 senectutem)
1681 3559 1837 3594 muco
1876 3559 1967 3591 seu
