2163 3852
119 185 222 235 230
755 177 1062 227 Lucum-ms.
1128 176 1440 226 Pamisus.

264 330 325 378 P.
366 326 580 378 corall
598 325 706 375 oid
723 341 788 375 es
806 362 818 386 ‚
859 325 935 376 da
953 343 975 376 s
993 341 1237 392 opoga3
1287 324 1451 375 thallo
1489 322 1721 392 pendulo
1758 321 2002 374 filiformi

133 398 347 449 sordide
399 398 546 446 luteo
566 426 585 436 ·
604 396 904 447 virescente
966 396 1176 445 demum
1233 396 1422 445 scabro
1441 431 1453 454 ,
1523 393 1686 444 ramis
1747 393 2012 460 elongatis

135 468 570 534 subsimplicibus
593 503 606 527 ,
664 464 876 516 fibrillis
906 465 1164 518 brevibus
1193 465 1579 532 patentissimis
1616 464 2015 514 concoloribus.

271 585 441 633 Usnea
476 580 691 630 barbata
725 588 772 633 β.
812 583 1114 649 dasopoga3
1153 577 1296 630 Ach.
1333 576 1492 630 Lich.
1531 577 1676 629 univ.
1714 597 1767 646 p.
1802 577 1924 640 624.
1949 605 2019 628 -ε

343 648 533 713 Ejusd.
574 653 709 718 Syn.
755 669 809 719 p.
849 651 972 702 306.

273 765 492 815 Thallus
529 766 746 835 gracilis
777 765 1064 834 pendulus,
1106 763 1367 831 rigidulus
1393 774 1568 814 tamen
1607 779 1707 812 nec
1742 760 2017 825 flaccidas,

137 834 354 885 sordide
387 837 533 886 luteo
556 838 798 894 -virenS,
840 855 867 885 a
901 836 1015 885 basi
1050 834 1114 884 ad
1153 834 1357 901 apicem
1399 834 1635 900 ejusdem
1677 832 1794 883 fere
1823 831 2017 882 crassi-

133 906 262 962 tiei,
315 905 495 970 junior
539 908 660 956 dum
711 907 1083 972 spithamaeam
1118 902 1277 953 habet
1320 904 1742 972 longitudinem,
1792 902 1856 953 ad
1894 918 2018 952 ocu-

135 975 245 1023 lum
293 977 488 1023 nudum
543 977 736 1034 laevis,
795 975 1007 1024 fibrillis
1047 987 1124 1024 sat
1170 974 1348 1023 densis
1390 975 1505 1024 fere
1544 973 1785 1022 distichis
1831 971 2024 1022 tri-ad

137 1046 652 1112 quadrilinearibus,
705 1047 913 1094 demum
951 1044 1254 1112 bipedalem
1307 1045 1574 1110 attingens
1629 1042 2026 1112 longitudinem

139 1115 326 1163 scaber
374 1114 586 1165 fibrillis
639 1114 1007 1164 crebrioribus
1058 1114 1183 1164 hinc
1244 1113 1372 1164 inde
1431 1112 1694 1182 elongatis
1744 1111 2028 1163 ramulosis

142 1184 400 1234 obtectus.
473 1185 627 1235 Rami
663 1183 1072 1252 simpliciusculi
1107 1195 1162 1235 et
1194 1182 1403 1235 furcati.
1565 1182 1568 1183 ⁷

287 1297 490 1349 Crescit
527 1298 581 1349 in
622 1296 867 1349 Brasilia
912 1298 985 1349 acl
1029 1297 1250 1349 arbores
1283 1286 1585 1368 sylvarum'
1614 1294 2024 1366 prima-warum

141 1367 233 1432 (de
269 1367 452 1422 Ilffart.
487 1399 558 1411 --
594 1372 706 1421 Ser.
746 1367 928 1421 Princ.
967 1368 1363 1432 NeovidensiS.)

289 1505 425 1554 Adn
446 1515 527 1554 ot.
579 1504 825 1558 Varietas
862 1505 1006 1556 inter
1039 1503 1238 1555 formas
1270 1515 1552 1573 protensas
1582 1502 1828 1555 varietati
1863 1501 2033 1553 stri-

150 1591 356 1642 gosae
396 1575 540 1624 inter
587 1587 790 1625 erectas
826 1577 1077 1643 analoga,
1119 1575 1363 1644 sequenti
1414 1574 1671 1642 proxima.
1747 1573 2035 1640 Specimen

146 1644 314 1710 majus
348 1645 583 1693 adultum
617 1645 760 1714 quod
791 1645 1074 1706 habemus,
1128 1663 1155 1694 a
1185 1646 1308 1695 loco
1337 1645 1504 1695 notali
1540 1644 1833 1694 descissam
1864 1644 1919 1692 in
1947 1660 2036 1694 ra-

149 1715 295 1764 mulo
343 1714 572 1781 pendet,
635 1732 793 1783 quem
841 1732 967 1766 casu
1004 1716 1322 1782 conplexum
1359 1725 1457 1765 est.
1529 1714 1719 1765 Eidem
1749 1711 2037 1781 specimini

149 1785 340 1834 ramuli
377 1785 620 1834 nonnulli
659 1786 1036 1852 praecedentis
1077 1785 1349 1835 varietatis
1395 1785 1585 1835 intime
1637 1784 1858 1851 implexi
1899 1793 2040 1834 sunt.

286 1893 349 1942 P.
401 1891 852 1955 coralloides‚
916 1892 1367 1961 longissima3
1436 1891 1602 1942 thallo
1654 1889 1887 1956 pendulo
1937 1887 2043 1939 fili-

149 1959 313 2013 formi
376 1972 570 2013 tenero
650 1962 971 2033 pulveraceo
1037 1963 1212 2013 albido
1290 1961 1742 2031 simpliciusculo,
1824 1957 2044 2012 fibrinis

156 2031 420 2100 elongatis
470 2032 806 2099 simplicibus
853 2035 978 2085 dein
1022 2032 1298 2085 tortuosis.

294 2150 471 2267 Usgea
510 2147 858 2217 longissima,
921 2147 1065 2200 Ach.
1115 2146 1239 2200 lich.
1280 2145 1428 2199 univ.
1462 2164 1523 2216 p.
1563 2144 1682 2202 626.
1721 2172 1789 2186 -
1849 2142 2046 2211 Ejusd.

404 2236 509 2286 yn.
548 2237 603 2286 ρ.
648 2235 765 2286 207.

298 2360 603 2427 Specimina
632 2361 850 2431 quidem
872 2374 1056 2414 nostra
1089 2373 1294 2413 tantum
1320 2358 1678 2429 bipollicaria‚
1709 2369 1893 2410 exacte
1915 2371 2047 2409 vero

157 2446 275 2480 cum
311 2430 584 2499 indigenis
612 2432 938 2482 conveniunt
961 2470 973 2493 ,
1014 2434 1198 2502 quales
1228 2433 1306 2483 Cl.
1351 2433 1417 2482 de
1455 2431 1726 2482 Flotow
1762 2429 1818 2478 in
1853 2428 2051 2479 collec-

160 2500 399 2552 tionibus
434 2519 460 2550 a
492 2502 1070 2561 Reichenbachio
1108 2515 1160 2553 et
1189 2501 1613 2553 Schubertio
1644 2500 1928 2567 divulgatis
1957 2498 2051 2548 de-

159 2571 355 2637 posuit.
425 2571 642 2620 Thallus
673 2573 904 2635 (iunior)
943 2573 1302 2641 praecedente
1330 2571 1587 2622 varietate
1625 2571 1712 2619 cui
1753 2569 2047 2635 proximus,

158 2641 325 2690 multo
360 2642 614 2709 gracilior
653 2653 706 2690 et
734 2643 934 2703 laxior,
973 2644 1064 2692 ubi
1091 2644 1323 2710 integer,
1366 2641 1483 2691 fere
1523 2640 1706 2708 glaber
1729 2637 2053 2705 albicio-pal-

159 2709 391 2771 lescens,
422 2712 739 2782 plerumque
765 2730 891 2763 vero
913 2730 942 2763 e
972 2724 1140 2762 strato
1162 2712 1405 2763 corticali
1428 2710 1637 2775 (forsan
1663 2709 1730 2760 ob
1756 2709 2056 2760 incremen-

166 2793 278 2830 tum
317 2786 642 2844 tortuosum)
695 2782 938 2850 disrupto
980 2781 1645 2850 albicio-pulverulentus,
1699 2779 1924 2846 simplex
1970 2778 2056 2828 vel

167 2867 332 2918 parce
392 2852 731 2902 dichotomus
786 2853 1211 2922 ramulosusque.
1301 2851 1560 2902 Fibrillae
1621 2852 1795 2899 minus
1858 2850 2056 2899 densae

170 2938 325 2989 quam
374 2921 428 2969 in
472 2923 830 2988 praecedente
885 2924 1170 2984 varietate,
1230 2940 1415 2991 parum
1452 2920 1694 2971 flexuoso
1713 2931 2056 2978 --tortuosae,

169 2991 488 3060 plerumque
532 2993 772 3061 integrae
807 3010 907 3044 nec
941 2994 1043 3043 nisi
1075 2995 1140 3043 ad
1171 2994 1321 3044 basin
1357 3008 1474 3042 cum
1507 2991 1671 3042 thallo
1707 2986 2059 3056 albido·pul-

171 3062 513 3124 verulentae3
569 3076 870 3124 caeterum,
939 3064 1030 3113 ubi
1077 3064 1226 3131 ipsae
1273 3080 1394 3114 cum
1439 3061 1604 3111 thallo
1643 3062 1858 3110 illaesae
1907 3068 2059 3119 sunt,

172 3130 337 3181 thallo
384 3132 602 3182 omnino
634 3134 953 3185 concolores
993 3150 1094 3183 nec
1137 3135 1274 3199 nisi,
1324 3131 1417 3182 ubi
1455 3131 1605 3182 thalli
1640 3142 1855 3180 stratum
1897 3127 2062 3178 corti-

176 3201 289 3251 cale
318 3200 624 3252 diffractum
662 3203 1096 3272 pulverulentum
1144 3216 1255 3265 est,
1315 3203 1630 3252 discolores.
1703 3205 1761 3251 In
1812 3194 2066 3266 specimi-

173 3271 332 3322 nibus
371 3271 741 3335 adultioribus,
781 3274 958 3343 qualia
987 3274 1044 3324 in
1075 3275 1298 3327 Bavaria
1331 3273 1577 3341 legimus,
1614 3270 1843 3321 fibrillae
1877 3269 2063 3319 obscu-

179 3341 294 3390 rius
331 3343 605 3392 coloratae
639 3344 807 3413 magis
842 3356 1116 3397 tortuosae
1150 3347 1205 3396 in
1246 3343 1410 3395 thallo
1441 3342 1658 3395 omnino
1691 3339 2066 3411 pulverulento

179 3412 352 3480 magis
394 3413 460 3464 ab
500 3413 690 3464 eodem
729 3415 1052 3484 discrepant.

319 3553 519 3608 Crescit
556 3555 611 3607 in
651 3553 909 3606 Brasilia.
