2163 3852
856 20 882 37 ὤ

223 125 298 179 ’98
774 118 1082 176 Lxcmmns.
1152 113 1553 169 Lunoemfflmi.

379 264 589 321 Crescit
632 265 706 317 ad
755 265 806 315 ri
841 284 904 317 as
940 263 1119 334 fluvii
1158 265 1534 330 Amazonum,
1567 264 1621 316 in
1657 262 1860 323 cortice
1898 262 2111 315 arboris

235 338 388 410 apud
420 333 628 390 incolas
649 335 777 388 Ieat‘i
815 355 849 387 α
877 336 948 386 do
979 335 1132 390 Gabo
1159 335 1351 387 dictae.

581 497 626 540 ⁷.
667 503 1186 542 neroGnAMMA
1229 501 1684 542 vrnGutEUM.
1732 489 1762 544 5-

372 611 436 660 L.
467 619 644 659 crusta
682 605 1037 658 sublaminosa
1072 607 1278 658 friabili
1307 606 1566 673 laevigata
1606 605 1979 656 malachitico·
1997 619 2115 656 cae·

238 681 317 732 sia
340 679 624 747 pruinosa,
660 677 960 744 apotheciis
993 677 1290 728 linearibus
1329 675 1582 726 flexuosis
1621 676 2022 734 substellulato-
2034 693 2118 725 ra-

241 750 421 809 mosiS,
461 747 932 807 discolatiuscu10‚
970 749 1212 815 margine
1246 746 1504 796 lumidulo
1535 747 1694 796 niveo
1722 746 2113 811 pulverulento.

376 837 598 904 Species
634 835 1011 903 pulcherrima.
1085 835 1305 886 'lhallus
1340 845 1682 895 mustaceus,
1732 834 1895 891 latas,
1935 833 2013 883 uti
2028 826 2114 884 vi-

236 907 423 968 detur,
487 907 664 975 plagas
716 905 1009 972 obtegens,
1077 906 1252 956 siccus
1310 906 1701 955 sublaminosus
1719 940 1736 961 ,
1791 902 2116 952 madefactus

234 976 602 1037 molliusculus
638 976 756 1025 fere
791 976 1130 1035 mammeas,
1182 974 1382 1026 coloris
1420 975 1704 1042 singularis
1739 974 1888 1023 citati
1924 967 1979 1022 in
2007 972 2113 1023 alio'

233 1047 446 1096 lichene
473 1045 712 1101 nondum
741 1044 1039 1124 observati,
1079 1047 1133 1094 in
1159 1046 1363 1096 cortice
1391 1045 1603 1109 junioue
1634 1057 1686 1095 et
1713 1044 2008 1094 vetusiiore
2029 1041 2112 1092 vel

233 1111 383 1182 ligno
416 1115 680 1167 denudato
709 1114 902 1165 rimato
939 1115 1090 1165 valde
1124 1115 1416 1182 laevigatus
1438 1151 1451 1172 ‚
1490 1116 1677 1181 pruina
1701 1114 1871 1164 albida
1899 1113 2113 1179 adsper-

236 1203 353 1247 sus,
396 1202 566 1254 eaque
608 1185 702 1233 sub
739 1203 872 1253 aqua
895 1183 1048 1235 detei
1053 1204 1106 1234 sa
1138 1185 1398 1235 intensius
1427 1185 1699 1235 virescens
1725 1222 1737 1245 ‚
1789 1185 1844 1232 in
1878 1181 2115 1232 confinio

236 1257 463 1305 aliorum
510 1255 704 1304 lineola
744 1255 1086 1335 prominente
1122 1255 1402 1323 eleganter
1434 1256 1749 1304 crenulato-
1765 1253 1999 1303 flexuosa
2033 1252 2116 1301 ni-

235 1343 373 1396 gro-
388 1337 811 1391 purpurascente
851 1293 1245 1393 marginatus,⁰
1269 1325 1446 1393 quoad
1476 1335 1799 1374 structuram
1822 1322 2115 1390 conspicue

238 1412 269 1444 e
311 1395 520 1446 duobus
571 1396 749 1446 stratis
789 1397 1151 1462 compositus,
1208 1395 1472 1444 inteiiore
1512 1394 1661 1450 albo
1719 1393 1844 1442 (lein
1880 1403 2119 1444 vetustus

237 1468 458 1526 omnino
488 1464 768 1525 fatiscens,
809 1466 1110 1530 apotheciis
1135 1466 1293 1514 nudis
1320 1465 1545 1517 relictis.
1592 1463 1889 1531 Apothecia
1918 1480 2114 1530 spmsa,
2157 1474 2163 1475 ’

239 1536 515 1587 rarissime
562 1536 738 1586 ovali—
753 1535 1165 1603 puncti'formia.
1227 1536 1457 1602 plurima
1508 1535 1764 1593 linearia,
1829 1551 1938 1585 non
1979 1533 2118 1584 ultra

240 1602 367 1655 'duas
398 1606 568 1655 lineas
597 1606 789 1674 longa,
846 1606 1111 1672 simplicia
1149 1617 1203 1657 et
1237 1605 1554 1672 simplicitel
1586 1605 1881 1663 ramulosa,
1927 1605 1984 1653 in
2015 1621 2121 1652 ma·

240 1676 380 1725 trice
429 1677 629 1725 rimosa
672 1674 1133 1736 subconssuentia‚
1189 1686 1310 1741 post
1354 1674 1575 1726 thallum
1606 1686 1870 1726 vetustate
1915 1674 2122 1739 disper-

242 1763 356 1795 sum
403 1743 664 1795 denudata
694 1757 824 1796 atra.
898 1747 1094 1796 Discus
1139 1745 1220 1808 (in
1260 1746 1463 1796 nostris
1489 1762 1623 1814 quae
1651 1746 1906 1813 juvenilia
1934 1743 2119 1795 viden-

242 1816 355 1880 tur)
389 1816 793 1882 angustissimus
814 1853 828 1878 ‚
865 1834 985 1867 cum
1017 1817 1254 1882 margine
1281 1816 1542 1865 tumidulo
1564 1818 1722 1866 niveo
1741 1845 1760 1854 -
1780 1814 2121 1881 pulverulen·
2148 1804 2163 1819 ⁵

242 1896 357 1944 tus,
410 1885 734 1936 madefactus
765 1904 894 1937 vero
929 1886 1084 1936 latius
1118 1885 1401 1953 adapertus
1438 1887 1596 1952 niger
1627 1898 1678 1936 et
1708 1901 2119 1952 purpurascenS.

245 1953 614 2006 Pei-ithecium
656 1956 708 2005 in
753 1957 1000 2024 plurimis
1048 1956 1143 2020 (ob
1187 1957 1410 2005 eandem
1443 1967 1669 2006 aetatem
1697 1955 2013 2022 juvenilem)
2047 1967 2124 2004 te-

235 2024 591 2086 nuissimum,
644 2026 699 2075 in
739 2027 1008 2077 nonnullis
1054 2027 1141 2075 vix
1186 2026 1536 2093 microscopii
1591 2043 1695 2093 ope
1748 2024 2120 2092 detegendum,

246 2097 301 2144 in
336 2096 557 2144 vetustis
595 2109 777 2145 contra
809 2097 1085 2147 denudatis
1116 2096 1560 2155 crassiusculum‚
1615 2095 1773 2145 oculo
1818 2095 1960 2145 nudo
1998 2112 2124 2145 con-

246 2166 505 2232 spicuum.
574 2167 792 2217 Thecae
822 2166 1433 2235 oblongo-cylindricae
1470 2167 1552 2216 vel
1576 2166 1940 2223 subclavatae.
1993 2182 2126 2214 non-

246 2254 515 2303 nunquam
561 2237 616 2284 in
658 2237 835 2286 medio
888 2236 1241 2296 constrictae,
1295 2237 1525 2304 pluries,
1589 2237 1656 2286 ad
1690 2253 1946 2285 summum
1975 2236 2126 2305 quin·

247 2307 457 2366 decies,
499 2307 794 2357 annulatae

391 2390 638 2442 Crescit
619 2414 673 2443 ιη
710 2393 923 2454 cortice,
954 2393 1146 2457 eliam,
1185 2411 1241 2443 m
1234 2389 1463 2470 fallor
1498 2391 1551 2441 in
1584 2390 1732 2460 ligno
1756 2392 1901 2442 nudo
1931 2391 2130 2461 subpu-

247 2461 387 2511 lrido
432 2463 687 2514 arborum
712 2482 884 2533 prope
914 2461 1187 2527 Bahiam,
1232 2458 1446 2528 confine·
1474 2462 1834 2512 Coniolomali
1867 2480 2126 2512 (Uocemeo

386 2553 628 2603 Adnot.
681 2557 719 2603 Ι.
809 2554 971 2604 Colm
1015 2553 1271 2620 marginis
1315 2568 1417 2600 nec
1465 2570 1570 2600 non
1619 2552 2022 2618 apothecioium
2074 2553 2128 2601 in

251 2638 579 2689 purpureum
612 2640 836 2693 vergens
866 2639 985 2672 cum
1020 2624 1150 2673 Con
1170 2624 1183 2671 i
1205 2622 1530 2672 oloniatis
1568 2620 1795 2671 confinis
1823 2624 2006 2673 colore
2035 2639 2129 2673 ne-

245 2709 344 2739 xus
385 2693 613 2741 videtur.

387 2772 1094 2845 Adnot.11.Apotheeia
1124 2789 1246 2846 post
1276 2776 1491 2830 thallum
1523 2780 1774 2829 amissum
1819 2779 2127 2848 Opegra-

247 2848 416 2914 phae
468 2849 704 2900 habitum
757 2849 1013 2912 induunt,
1079 2848 1221 2917 quod
1265 2866 1392 2899 vero
1446 2849 1824 2899 distinctiones
1870 2867 2127 2919 generum

247 2935 355 2967 non
399 2920 685 2973 imminuit.
778 2919 1135 2986 Apothecium
1181 2918 1287 2968 tale
1335 2919 1547 2969 unicum
1598 2920 1654 2969 in
1707 2931 1883 2971 crusta
1917 2920 2129 2990 integia

249 2999 418 3038 atrum
449 3002 501 3040 et
533 2990 844 3057 prominens
884 3001 1243 3040 monstrosum
1281 2988 1511 3041 videtur.

713 3158 938 3204 SECTIO
967 3157 1032 3202 ΙΙ.
1091 3156 1591 3202 LECANACTIS.
1640 3159 1669 3213 -1-

388 3268 538 3337 Syst.
580 3267 737 3320 Lich.
781 3287 838 3336 p.
879 3260 1092 3335 14.fig.
1130 3287 1180 3334 7.
1222 3297 1291 3306 —-
1327 3265 1473 3318 Icon.
1508 3267 1600 3318 sel.
1641 3277 1895 3338 cry-plag.
1937 3266 2046 3318 tab.
2075 3285 2128 3337 7.

441 3335 554 3409 fig.
594 3358 639 3390 2.
671 3341 720 3390 3.
752 3350 801 3401 4.
847 3366 908 3374 --
949 3335 1126 3400 Fries,
1159 3335 1238 3406 pl.
1269 3336 1480 3388 bomon.
1506 3357 1563 3407 p.
1597 3352 1715 3407 274.

387 3429 714 3490 Arthoniae,
754 3426 961 3478 Achar.
996 3434 1048 3475 et
1086 3422 1191 3476 Fe'e
1236 3444 1383 3494 spec.

385 3518 704 3586 Gmphiffis,
744 3513 953 3585 Meyer
989 3530 1136 3584 spec.
1190 3513 1395 3585 (quoad
1429 3516 1759 3583 synonyma.)
