2163 3852
196 184 302 245 146
726 173 1038 224 onumns.
1076 167 1512 220 Pxnnmsmnuu.

205 328 481 406 gregatis,
544 320 759 379 ostiolis
819 317 1031 373 conicio
1093 316 1340 389 pluribus
1402 313 1837 379 confluentibus,
1901 315 2108 385 (thecis

204 400 499 464 maximis.)

350 493 498 558 Syst.
537 479 701 533 Lich.
728 473 841 547 fig.
885 478 964 530 15.
1004 494 1049 527 e.
1067 472 1132 547 f.
1169 475 1534 541 (solummodo
1572 472 1812 542 thecae.)

344 574 566 630 Thallus
620 566 972 638 praecedenti
1017 565 1359 626 simillimus,
1414 565 1480 615 ab
1519 564 1714 615 eodem
1749 562 1991 630 margine
2031 563 2112 615 ci-

204 642 740 712 nereo-nigricante
781 636 1094 706 angustiore
1133 635 1438 703 sejunctus,
1477 646 1643 686 strato
1683 634 1964 683 medullari
1998 652 2112 685 non

205 726 382 776 minus
422 728 641 776 01’85503
679 707 870 760 differt
905 724 1037 760 vero
1077 704 1364 773 superficie
1402 707 1574 773 magis
1600 704 1775 754 nitida
1808 704 2016 755 'coloris
2053 704 2112 755 in

207 789 510 846 aurantium
548 780 826 851 vergentis
851 814 865 840 ,
927 789 982 827 et
1018 776 1241 827 corticis
1279 777 1522 826 verrucis
1561 772 1863 825 minoribus
1901 774 2111 825 densis-

127 909 139 917 .
209 862 364 917 simis
400 854 642 928 plicatim
677 848 1112 901 transversaliter
1146 846 1441 914 elongatis,
1483 863 1666 897 versus
1700 845 1956 895 ambitum
1994 862 2113 913 gra-

207 933 424 986 nulatis.
503 921 804 990 Apothecia
845 918 1086 968 solitaria
1136 916 1222 967 vel
1266 916 1526 966 nonnulla
1562 926 1846 984 aggregata
1887 925 1942 965 et
1980 931 2112 965 con·

208 1017 350 1056 nata.
425 994 641 1050 Osti⁰¹³
679 992 804 1054 (⁵¹³¹)
842 989 1045 1053 cru·‘’¹³³⁵¹)
1084 987 1261 1036 minus
1301 986 1543 1055 elongata
1581 1003 1760 1055 neq-ue
1798 984 1863 1034 ad
1901 985 2112 1052 apicem

205 1076 520 1126 3⁰0s³⁵³3132
562 1080 722 1129 supra
746 1070 980 1109 crustam
1004 1057 1389 1124 punctisormia
1407 1093 1418 1115 ‚
1461 1058 1525 1108 ad
1551 1057 1751 1107 lentem
1778 1056 1883 1105 late
1905 1066 2110 1122 aperta,

204 1144 386 1196 rarius
426 1133 706 1190 solitaria,
757 1130 1079 1196 plerumque
1130 1129 1285 1194 plura
1333 1128 1474 1176 intra
1529 1139 1740 1177 crustae
1777 1127 1946 1192 plicas
1983 1141 2114 1175 con-

205 1210 433 1266 fluentia
496 1203 842 1269 maculasque
896 1197 1075 1248 semi·
1117 1198 1192 1247 ad
1263 1196 1685 1265 sesquilineares
1751 1195 2113 1246 ⁰ff0¹·mantia.

209 1281 429 1338 Thecae
468 1273 769 1343 singulares
808 1269 1048 1320 omnium
1086 1267 1347 1317 maximae
1394 1267 2042 1334 oblongo-cylindricae,
2085 1282 2116 1316 a

204 1354 389 1407 medio
428 1362 599 1415 usque
636 1342 703 1393 ad
739 1339 876 1391 fines
922 1337 1234 1388 rotundatas
1285 1336 1459 1386 rarius
1506 1337 1811 1404 cuspidatas
1866 1346 2116 1404 angusta-

203 1439 327 1484 tae‚
368 1418 582 1486 saepius
614 1412 785 1464 limbo
827 1409 990 1461 simili
1031 1424 1093 1458 ac
1132 1409 1188 1457 in
1240 1407 1503 1457 Porina
1553 1418 1803 1469 notatae,
1856 1418 2113 1474 septenae

207 1506 535 1549 octonaeve‚
575 1500 800 1553 quarum
853 1479 1069 1530 media-e
1115 1479 1318 1528 iterum
1377 1477 1646 1545 majores,
1696 1477 2014 1528 convolutae
2054 1487 2114 1527 et

204 1566 346 1619 escis
387 1557 637 1625 oblongis
674 1552 874 1604 arctius
913 1550 1173 1599 inclusae.
1248 1549 1454 1613 Sporae
1511 1548 1567 1598 in
1615 1548 1700 1597 his
1740 1565 1899 1598 senae
1938 1547 2114 1598 rarius

203 1647 501 1708 quaternae
549 1639 790 1694 magnae,
837 1620 1203 1672 communiter
1260 1619 1534 1684 ellipticae
1591 1619 1768 1668 rari„s
1835 1617 2113 1686 globosae,

201 1699 575 1775 magnitudine
610 1715 639 1746 a
664 1692 846 1744 medio
881 1692 1071 1742 thecae
1108 1707 1296 1740 versus
1337 1688 1501 1739 finem
1538 1688 1946 1750 decrescentes,
1986 1705 2112 1756 sep-

202 1779 276 1831 tis
314 1774 402 1829 vel
455 1766 690 1821 annun-is
723 1761 1068 1814 'tenuissimis
1105 1760 1249 1811 intra
1286 1759 1500 1811 thecam
1536 1759 1830 1827 sejunctae,

353 1856 562 1911 Crescit
598 1846 821 1918 confine
852 1847 1219 1918 praecedenti.

339 1949 585 2002 Adnot.
655 1941 818 1993 Licet
867 1937 1062 1991 tliecae
1094 1937 1256 2005 *hujus
1291 1935 1574 1987 varietatis
1610 1934 1667 1985 in
1705 1935 1951 2001 pluribus
1991 1952 2112 2004 spe·

202 2020 492 2077 ciminibus
534 2031 749 2082 semper
789 2011 1011 2061 eaedem
1051 2009 1177 2069 sint,
1232 2007 1546 2058 differentia
1582 2007 1716 2057 haec
1756 2007 1980 2056 minoris
2020 2025 2114 2074 ap·

204 2104 364 2162 paret
399 2086 692 2145 momenti,
751 2082 797 2132 si
826 2081 1106 2148 duplicem
1153 2078 1431 2130 thecarum
1467 2078 1522 2127 in
1560 2078 1747 2143 priore
1786 2077 1962 2145 planta
1999 2077 2116 2128 for-

201 2182 346 2215 mam
381 2161 596 2211 citatam
633 2167 689 2205 et
726 2152 1136 2204 similitudinem
1188 2149 1478 2200 earundem
1516 2148 1799 2215 utriusque
1840 2147 2114 2198 varietatis

205 2231 521 2305 perpendes
573 2225 695 2289 (cfr.
755 2224 936 2273 adnot.
994 2222 1062 2271 ad
1111 2218 1608 2274 Verrucariana
1662 2217 2113 2286 globiferam

203 2324 258 2374 p.
306 2301 460 2365 131.)
527 2298 631 2347 ‘Sic
700 2309 919 2364 quoque
987 2289 1303 2341 differentia
1353 2289 1674 2340 ostiolorum
1713 2306 1776 2338 ex
1814 2289 1934 2337 aliis
1972 2288 2116 2338 acci·

205 2372 544 2429 dentalibus,
600 2383 664 2416 ex
719 2366 827 2413 situ
865 2361 1279 2429 apotheciorum
1315 2361 1504 2408 minus¹
1528 2358 1800 2426 profundo
1839 2358 1906 2408 ob
1945 2360 2116 2408 eorti-

201 2462 326 2498 cem
361 2441 599 2494 adultum
636 2435 722 2488 vel
761 2433 1117 2491 exsiccatum,
1159 2431 1283 2480 dum
1320 2430 1549 2482 varietas
1582 2430 1860 2496 posterior
1896 2429 1949 2477 in
1988 2445 2119 2479 con-

205 2515 339 2567 finio
379 2509 580 2581 prioris
619 2517 798 2558 ortum
838 2503 1012 2569 cepit,
1067 2501 1306 2568 pendere
1342 2511 1544 2568 potest.
1618 2501 1762 2549 Hinc
1802 2500 1927 2549 duas
1965 2499 2118 2565 plan-

207 2599 288 2641 tas
328 2583 631 2651 descriptas
669 2588 728 2627 ut
766 2574 976 2643 species
1014 2573 1267 2641 proprias
1305 2571 1619 2621 describere
1651 2588 1761 2620 non
1783 2571 1896 2619 ausi
1919 2587 2116 2620 sumus.

645 2711 686 2762 ά·
733 2718 1292 2760 PYRENASTRUM
1334 2716 1606 2753 annum.
1655 2705 1686 2760 ἢ·

352 2815 419 2864 P.
457 2821 639 2862 crusta
676 2819 854 2859 cerata
890 2803 1238 2854 nitidiuscula
1272 2802 1479 2863 albida,
1535 2801 1833 2869 apotheeiis
1885 2800 2118 2868 pyrifor-

214 2885 392 2937 mibus
431 2878 861 2932 semi-immersis
901 2876 1259 2925 communiter
1296 2874 1541 2939 pluribus
1579 2871 1914 2940 aggregatis,
1955 2873 2119 2922 ostio-

216 2958 288 3007 lis
335 2952 682 3005 brevioribus
744 2946 1176 3000 horizontalibus
1228 2944 1440 2996 conicis
1489 2946 1701 3012 saepius
1755 2945 1811 2992 in
1861 2959 1921 2993 os
1972 2959 2120 2994 com-

218 3043 380 3079 mune
419 3022 812 3074 desinentibus,

359 3113 577 3163 Thallus
615 3121 958 3169 crustaceus,
1017 3105 1237 3156 sordide
1275 3102 1514 3164 albidus,
1571 3101 1849 3171 glabritiei
1887 3113 1941 3152 et
1976 3100 2119 3152 nito-

216 3186 297 3238 ris
334 3185 391 3234 in
427 3181 729 3234 lichenibus
769 3178 962 3228 albidis
997 3175 1282 3235 rarissimi,
1326 3174 1421 3223 sub
1461 3175 1606 3223 lente
1646 3191 1674 3223 e
1709 3173 1976 3239 punctulis
2017 3172 2114 3220 mi-

221 3256 366 3306 nutis
406 3270 594 3319 asper,
633 3252 690 3300 in
730 3249 965 3300 confinio
1003 3246 1499 3314 nigro-limitatus.
1573 3245 1814 3298 Verruca
1855 3241 2114 3291 thallodes

221 3327 341 3378 fere
379 3325 535 3373 nulla.
608 3320 908 3388 Apothecia
946 3316 1269 3383 majuscula,
1323 3333 1507 3366 semen
1558 3313 1839 3382 papaveris
1886 3330 2118 3379 aequan-

222 3399 327 3458 tia,
368 3392 804 3444 semi-immersa
830 3427 843 3451 ,
882 3389 1056 3438 rarius
1096 3386 1370 3447 solitaria,
1412 3387 1729 3454 plerumque
1767 3382 1922 3446 bina,
1962 3394 2117 3432 terna

225 3484 398 3536 usque
438 3481 563 3514 sena
602 3463 657 3511 in
695 3462 952 3511 circulum
993 3457 1239 3507 diametri
1279 3457 1638 3506 semilinearis
1678 3453 1932 3511 collecta,
1984 3471 2118 3501 nun·

223 3555 381 3607 quam
413 3531 761 3589 confluentia.
812 3530 1022 3584 Ostiola
1059 3528 1313 3585 breviora
1335 3544 1493 3598 quam
1530 3527 1585 3578 in
1625 3524 1861 3577 caeteris
1899 3524 2115 3594 generis
