2163 3852
230 258 299 310 ‚54
1013 254 1315 299 lavabimus.

392 404 456 478 4)
502 405 546 462 G
559 426 639 462 ru
653 425 679 461 5
694 418 719 460 t
733 425 768 460 a
800 398 848 462 'o
864 423 891 461 s
909 423 937 460 s
956 423 988 460 e
1004 423 1066 472 a,
1137 422 1292 481 quae
1338 400 1659 458 durissima
1674 442 1690 468 ,
1739 400 1983 458 minime
2025 402 2107 458 ri·

211 487 368 567 gida
385 529 401 555 ‚
463 507 577 544 nec
619 485 742 543 nisi
782 484 946 543 ferro
992 499 1174 542 acuto
1218 483 1652 562 impressiones
1695 482 1949 562 accipit,
2009 503 2113 540 eo-

231 590 348 650 que
393 569 606 625 derasa
649 568 713 623 in
753 567 1063 647 pulverem
1104 565 1528 630 tenuissimum
1571 563 1840 621 solvitur.

400 654 459 716 5)
505 651 649 708 Cru
665 670 690 706 s
708 664 733 707 t
748 669 782 705 a
824 649 845 705 1
862 649 1059 705 amin
1077 670 1112 705 o
1129 669 1153 704 s
1174 668 1238 715 a,
1289 641 1446 725 'quae
1488 645 1707 714 tenuis,
1754 644 2114 724 aequabilis,

232 730 603 788 laeviuscula
618 772 634 800 ,
683 731 926 810 saepius
975 730 1269 810 pruinosa
1310 727 1405 784 vel
1447 729 1646 785 nitore
1694 728 1962 806 quodam
1994 747 2120 784 me-

231 813 444 871 tallico
489 813 702 870 induta
717 854 734 882 ,
785 814 1119 872 cohaerens
1164 825 1225 868 et
1269 824 1447 866 tenax
1462 849 1478 877 ,
1526 831 1560 866 a
1604 809 1838 866 cortice
1881 809 2123 867 facilius

237 895 610 975 sejungenda
654 909 765 952 est.
1984 959 1986 961 ‚
2068 894 2095 910 ³

401 981 624 1036 Voces·
652 977 940 1035 usitatas:
997 997 1087 1056 ap
1105 974 1282 1032 othe
1300 974 1539 1041 0111111,Ι
1570 994 1611 1052 p
1629 973 1882 1030 crithe
1901 993 1931 1030 c
1951 972 2117 1041 ium',

231 1058 782 1137 hypothecium
862 1057 942 1116 ob
1025 1058 1294 1115 thecas
1365 1055 1886 1134 theculasque
1953 1067 2120 1112 com-

229 1139 491 1198 muniter
533 1139 800 1196 inclusas
845 1139 1149 1196 recentius
1195 1137 1565 1218 propositis:
1613 1158 1638 1194 s
1653 1158 1692 1217 p
1712 1159 1748 1194 o
1766 1160 1795 1194 r
1809 1159 1844 1194 a
1857 1159 1899 1192 n
1915 1136 2042 1215 giu
2056 1157 2120 1193 m

233 1219 449 1298 (etiam
488 1243 602 1302 pro
647 1221 844 1278 thecis
888 1221 1182 1299 varioque
1241 1239 1426 1276 sensu
1475 1217 1793 1295 usitatum)
1856 1239 1883 1276 s
1900 1239 1940 1298 p
1957 1240 1994 1276 o
2011 1240 2042 1274 r
2055 1239 2122 1274 o-

231 1305 576 1372 tamium,
637 1324 868 1383 sporo
890 1318 1008 1359 ste
1029 1296 1258 1379 gium,
1320 1301 1740 1378 cymatium
1782 1323 1908 1358 non
1948 1301 2122 1380 pejo-

232 1407 330 1443 res
376 1386 741 1444 censuimus.
834 1385 875 1441 S
893 1406 932 1464 p
950 1407 985 1442 o
1005 1408 1033 1440 r
1050 1406 1086 1442 o
1104 1405 1136 1441 0
1155 1404 1189 1439 a
1205 1404 1288 1462 rp
1310 1383 1456 1439 ium
1499 1385 1561 1440 M
1579 1403 1610 1438 e
1628 1405 1666 1462 y
1682 1403 1714 1439 e
1732 1383 1795 1439 ri
1839 1383 1916 1440 ad
1959 1383 2118 1439 sruc-

214 1483 360 1526 vtum
402 1468 750 1548 plantarum
793 1466 1389 1546 cryptogamicarum
1425 1465 1760 1542 generatim
1797 1464 2120 1543 designan-

233 1553 378 1610 dum
422 1550 806 1630 aptissimum
837 1549 1047 1606 habeo
1061 1589 1077 1617 ,
1127 1547 1236 1606 sed
1278 1547 1524 1604 termini
1571 1546 1868 1626 speciales
1911 1545 2157 1609 usitatio

235 1655 365 1692 non
408 1632 624 1690 exinde
685 1630 1069 1712 repudiandi.
1182 1633 1230 1686 L
1247 1650 1281 1686 a
1296 1630 1450 1686 min
1467 1650 1500 1686 a
1515 1650 1576 1685 m
1636 1629 1674 1686 d
1690 1629 1708 1684 i
1727 1650 1753 1685 5
1775 1650 1807 1686 0
1825 1629 1893 1690 oi
1910 1628 1949 1686 d
1962 1649 1995 1685 e
2014 1649 2048 1685 a
2062 1650 2123 1684 m

232 1738 282 1794 s.
329 1737 368 1796 p
387 1714 814 1793 roligeram
870 1713 1041 1793 prius
1111 1733 1295 1769 sensu
1353 1711 1643 1768 Achari
1662 1731 1806 1768 ano
1890 1709 2127 1769 adhibi-

97 1833 103 1840 ·
233 1813 360 1858 tam
412 1818 444 1854 e
497 1795 730 1876 duplici
786 1809 981 1852 strato
1035 1793 1443 1873 compositam
1498 1792 1756 1850 diximus
1789 1786 1886 1868 ²¹²),
1970 1792 2126 1849 inse-

231 1882 396 1941 riore
439 1879 728 1936 nimirum
766 1876 1092 1958 perithecii
1145 1877 1310 1935 vices
1368 1874 1676 1954 implente.
1787 1874 1936 1932 Cum
1977 1895 2121 1932 vero

233 1962 370 2023 cell.
438 1964 790 2040 Meyerus
852 1974 912 2017 et
968 1958 1323 2015 Friesius
1382 1958 1502 2015 11οο
1562 1956 1924 2016 vocabulum
1998 1957 2120 2014 alio

237 2066 422 2104 sensu
464 2042 845 2122 usurparint,
917 2055 981 2098 ut
1024 2040 1314 2097 laminam
1366 2038 1739 2119 proligeram
1778 2038 2118 2106 Acharii,

232 2127 521 2186 nimirum
592 2124 841 2183 dilutius
923 2123 1259 2182 coloratam
1336 2143 1451 2202 pro
1532 2121 1752 2179 nucleo
1823 2143 1870 2179 s.
1931 2135 2121 2178 strato

236 2208 550 2287 thecigero
607 2206 772 2264 nudo
833 2204 908 2263 ab
964 2204 1341 2284 hypothecio
1397 2203 1669 2262 thallode
1725 2217 1974 2283 recepto
2018 2203 2124 2258 ha-

234 2291 493 2359 buerint,
543 2304 796 2347 econtra
824 2289 1229 2355 Lecideae,
1277 2285 1724 2354 Roccellae‚
1772 2285 2118 2353 Dirinae‚

234 2373 544 2431 Stictae
600 2369 1042 2451 hypothecium
1081 2368 1399 2449 proprium
1443 2366 1605 2424 infra
1647 2367 1937 2424 laminam
1973 2387 2121 2446 pro-

233 2455 486 2536 ligeram
515 2451 934 2521 attribuerint,
980 2452 1138 2508 hanc
1174 2450 1531 2508 ulteriorem
1565 2450 1868 2530 accipiam
1898 2449 1975 2506 ad
2000 2448 2125 2505 dis-

242 2557 455 2596 sensus
542 2534 864 2593 evitandos
952 2533 1460 2612 significationem
1534 2532 1703 2591 vocis
1789 2531 2123 2588 laminae

234 2641 273 2701 p
294 2618 722 2695 roligerae,
768 2616 1082 2672 nimirum:
1140 2636 1253 2694 pro
1284 2628 1474 2670 strato
1509 2613 1820 2694 superiore
1848 2614 2124 2671 ssoccoso

238 2699 548 2781 apot'hecii
594 2697 895 2756 discoidei
951 2698 1014 2753 in
1055 2696 1496 2763 LecidiniS‚
1561 2695 2124 2754 Parmeliaceis

239 2797 354 2843 cet.
401 2801 619 2861 sporas
667 2801 714 2837 s.
762 2780 972 2837 thecas
1017 2778 1292 2847 fovente,
1369 2778 1514 2834 hinc
1548 2799 1661 2858 pro
1705 2778 1925 2836 nucleo
1974 2777 2126 2835 dila-

237 2879 368 2925 tato
412 2862 699 2920 habendo
743 2882 941 2941 neque
987 2860 1061 2918 ab
1107 2861 1325 2918 eodem
1370 2880 1610 2942 semper
1667 2859 2120 2938 distinguendo.

240 2945 409 3028 quod
474 2944 722 3024 quidem
778 2943 961 3000 modo
1032 2943 1219 3000 citato
1285 2963 1524 3022 semper
1598 2941 1673 2999 ab
1742 2941 2119 3022 hypotheeio

282 3027 494 3108 roprio
559 3026 736 3104 nigro
795 3025 889 3083 vel
956 3025 1204 3082 dilutius
1268 3023 1545 3082 colorato
1609 3039 1926 3105 receptum
1981 3037 2116 3096 est3

235 3051 555 3169 {revitatis
602 3108 743 3165 dein
788 3106 991 3164 studio
1036 3106 1457 3164 dilatationem
1497 3105 1669 3164 thalli
1716 3105 2122 3188 apotheeium‘,

238 3192 279 3250 i.
326 3214 376 3249 e.
430 3191 727 3270 laminam
781 3188 1153 3269 proligeram
1207 3210 1343 3246 cum
1385 3188 1781 3268 hypotheciO,
1840 3187 1904 3245 in
1962 3189 2128 3244 Par-

241 3273 653 3331 meliaceis
711 3271 1040 3351 praecipue
1097 3271 1497 3350 recipientem
1552 3285 1611 3328 et
1665 3269 2123 3348 marginantem,

239 3353 682 3434 excipulum
725 3375 907 3422 voco,
958 3373 1137 3422 voce,
1188 3374 1367 3431 quam
1402 3353 1747 3409 Friesius
1790 3350 2124 3430 generatim

241 3458 354 3523 pro
397 3434 772 3517 hypothecio
822 3433 1094 3496 thallode
1136 3435 1464 3518 propriove
1508 3434 1801 3494 adhibuit.

298 3696 346 3750 ⁶)
378 3695 500 3751 Syst.
534 3695 662 3739 Lieh.
697 3712 746 3753 p.
776 3701 819 3744 6.
