2163 3852
184 149 290 207 144
741 139 1048 206 Licunmtxs.
1102 136 1524 192 Pmnnas‘rntni.

189 292 776 361 fusiformi-enipticae
800 327 814 353 ,
871 291 1142 357 simplices
1176 289 1262 341 vel
1299 291 1469 340 semel
1504 289 1776 340 annulatae
1814 291 1897 341 vel
1933 306 2055 357 spos-

187 383 303 420 ram
341 368 546 417 unicam
583 365 800 414 binasve
841 361 1103 413 foventes.

338 453 536 506 Crescit
571 450 645 499 ad
681 451 936 499 arborum
973 447 1221 497 corticem
1256 445 1509 496 nodosam
1539 459 1708 515 prope
1743 442 1909 495 Pani.

539 597 868 645 SEGHOIL
928 593 1717 648 EUPYRENASTRUM.†

351 713 796 797 Apothecia
874 712 1296 779 suhimmersa,
1371 708 1662 788 pleraque
1730 719 2063 785 aggregata,

199 798 436 857 ostiolis
500 818 614 877 pro
667 808 839 875 parte
896 793 1154 851 occultis
1212 791 1489 871 pluribus
1540 787 2059 866 convergentibus‚
2103 837 2107 842 .

195 880 434 962 saepius
480 879 542 935 in
588 897 658 934 os
706 895 1024 934 commune
1069 871 1505 932 desinentibus.

377 1026 419 1067 2·
465 1031 1018 1070 PYRENASTRUM
1060 1024 1809 1066 TRYPETHELIOIDES.
1852 1013 1882 1065 †

335 1121 394 1168 P.
432 1130 607 1168 crusta
660 1133 944 1166 verrucosa
995 1127 1171 1164 cerata
1221 1111 1570 1162 nitidiuscula
1619 1110 1797 1172 lutea,
1849 1108 2069 1175 apothea

197 1188 298 1240 ciis
336 1184 1059 1257 globoso-lageniformibus
1099 1185 1394 1241 immersis,
1446 1180 1691 1246 pluribus
1728 1180 1780 1227 in
1818 1196 2069 1229 verrucas

197 1258 477 1309 difformes
516 1259 691 1306 fuscas
730 1253 1150 1317 confluentibus,
1207 1253 1418 1304 ostiolis
1455 1249 1706 1301 brevibus
1746 1250 1956 1299 demum
1991 1249 2072 1297 in·

195 1330 439 1379 crassatis
476 1345 575 1378 nec
615 1325 1058 1392 prominentibus.

340 1417 556 1466 Thallus
593 1425 931 1475 crustaceus,
972 1413 1097 1462 satis
1137 1411 1348 1470 tenuis,
1389 1427 1507 1459 cum
1546 1406 1750 1458 cortice
1784 1406 2070 1475 rugulosus

201 1499 256 1539 et
293 1486 852 1550 rimoso-disruptus,
907 1495 1054 1532 extra
1103 1483 1264 1531 rimas
1304 1479 1687 1548 glaberrimus,
1739 1477 1876 1526 laete
1926 1477 2071 1526 colo-

204 1570 379 1616 ratus,
432 1569 613 1606 noster
661 1554 1016 1619 semipedalis.
1105 1551 1404 1620 Apothe‘cia
1459 1549 1588 1610 alia,
1639 1564 1773 1615 quae
1827 1546 2072 1596 videntur

201 1628 445 1694 juniora,
488 1625 873 1690 Pyrenulae
912 1622 1135 1682 similia,
1177 1621 1412 1688 globosa,
1454 1618 1832 1686 subturbinata‚
1875 1616 2072 1666 ostiolo

203 1697 359 1747 brevi
418 1695 694 1762 cuspidato
747 1694 1050 1743 verruculas
1108 1691 1482 1755 minutissimas
1521 1685 1911 1754 subpellucidas
1946 1687 2072 1736 hinc

205 1767 531 1833 nigricantes
571 1764 929 1830 perforantia:
986 1762 1118 1820 alia,
1181 1779 1314 1829 quae
1352 1760 1596 1807 videntur
1634 1757 1923 1816 adultiora,
1993 1757 2070 1817 (in

209 1837 397 1886 eodem
438 1835 652 1902 quidem
690 1834 1013 1899 specimine,
1069 1830 1162 1881 sed
1209 1834 1307 1878 lata
1347 1830 1526 1895 plaga,
1582 1845 1646 1876 an
1705 1827 1925 1876 corticis
1978 1844 2075 1874 nu·
2129 1885 2138 1896 .

204 1907 300 1957 dae
339 1905 510 1954 luteae
549 1922 612 1952 an
650 1915 857 1952 crustae
896 1901 1093 1953 sterilis
1132 1918 1236 1950 non
1289 1900 1486 1966 liquet,
1543 1915 1570 1946 a
1617 1896 1918 1962 junioribus
1986 1913 2070 1945 se-

209 1977 410 2042 juncta)
449 1992 563 2024 cum
607 1985 780 2022 crusta
820 1974 875 2020 in
914 1987 1162 2020 verrucas
1211 1969 1490 2019 difformes
1543 1967 1755 2031 saepius
1806 1966 2078 2032 elongatas

209 2044 635 2095 intumescentia.
710 2044 982 2097 Verrucae
1018 2042 1228 2100 fuscae,
1284 2040 1427 2088 intus
1481 2054 1543 2086 ex
1582 2036 1877 2102 apotheciis
1916 2036 2080 2086 ostio-

203 2111 378 2183 lisque
434 2113 882 2178 (Pyrenastri
941 2109 1409 2161 cinnamomei
1474 2107 1645 2156 nostri
1711 2105 1774 2154 ad
1838 2106 2078 2170 modum)

208 2182 595 2237 confluentibus
635 2184 854 2250 nigrae,
893 2180 1017 2229 hinc
1054 2181 1178 2229 inde
1231 2196 1358 2228 vero
1411 2196 1439 2227 e
1495 2175 1783 2225 substantia
1845 2174 2077 2241 thallode

206 2256 412 2321 singula
466 2253 746 2319 apothecia
800 2251 1066 2301 ambiente
1128 2248 1657 2313 luteo-variegatae,
1714 2247 1871 2294 extus
1910 2256 2081 2298 strato

204 2324 450 2376 corticali
490 2323 787 2381 obductae,
846 2339 1022 2389 neque
1076 2332 1132 2369 ut
1185 2320 1239 2368 in
1293 2314 1764 2383 Trypethelio
1823 2315 2074 2379 Spren-

206 2394 389 2463 gelii
440 2392 632 2442 iisdem
683 2392 797 2440 scre
852 2390 1126 2441 coloribus
1179 2389 1352 2439 ornati
1409 2403 1436 2435 e
1490 2385 1778 2435 substantia
1825 2385 2076 2450 pulveru-

204 2466 347 2515 lenta
405 2463 542 2511 nuda
592 2462 954 2529 compositae,
1015 2460 1214 2509 ambitu
1253 2458 1450 2508 diffuso
1492 2472 1588 2504 nec
1627 2466 1810 2503 exacte
1850 2455 2076 2503 circum·

209 2534 428 2599 scripto.
506 2533 715 2583 Ostiola
755 2534 808 2579 in
845 2531 928 2580 his
968 2549 996 2580 e
1034 2530 1174 2580 collo
1213 2528 1521 2595 angustiore
1564 2523 2073 2573 insundibulisormi-

204 2606 524 2661 incrassata,
565 2602 627 2651 ad
660 2600 997 2667 superficiem
1036 2598 1416 2667 punctiformia
1464 2612 1638 2662 neque
1696 2595 2071 2659 prominentia.

202 2675 416 2724 Thecae
473 2673 524 2719 in
577 2673 850 2738 utriusque
898 2672 1099 2719 formae
1139 2667 1434 2733 apotheciis
1474 2665 1606 2714 aliae
1644 2664 1877 2713 minores
1920 2664 2074 2730 ellip-

201 2745 374 2802 ticae,
429 2742 600 2806 sporis
641 2741 912 2808 quaternis
952 2738 1286 2806 aequalibus,
1346 2736 1478 2785 aliae
1534 2733 1764 2799 majores
1819 2734 2073 2801 utrinque

205 2811 542 2878 cuspidatae,
601 2811 776 2875 sporis
816 2810 1089 2877 quaternis
1129 2824 1347 2875 quarum
1382 2806 1537 2854 binae
1579 2803 1781 2852 mediae
1820 2803 2068 2869 majores,

204 2893 461 2948 utraeque
501 2880 583 2930 vel
619 2880 787 2930 nudae
827 2881 1174 2930 cohaerentes
1212 2877 1292 2929 vel
1331 2875 1462 2926 ascis
1502 2873 1715 2922 clavatis
1753 2873 2003 2923 inclusae.

351 2966 546 3017 Crescit
598 2967 650 3017 ἰιι
700 2971 952 3016 arborum
1000 2964 1196 3016 cortice
1232 2963 1426 3013 rimosa
1467 2961 1538 3010 ad
1554 2957 1800 3025 fluvium
1837 2960 2070 3010 Amazo—

206 3055 332 3087 num
358 3032 465 3105 'pro
498 3047 656 3105 parte
690 3057 721 3086 α
761 3036 962 3102 mallo,
1010 3032 1299 3105 nifallor‚
1347 3030 1684 3101 Trypetlzelii
1717 3028 2069 3080 melanotlzri·

207 3107 281 3157 cis
313 3107 483 3157 nostri
519 3107 766 3158 obducta.

482 3247 524 3288 3
571 3253 1116 3306 rrnENASTRUM
1185 3247 1705 3286 scurnum-zum.
1752 3234 1783 3288 †

344 3337 406 3387 P.
462 3349 636 3387 crusta
683 3339 956 3389 subcerata
1004 3336 1210 3386 bullosa
1257 3346 1310 3384 et
1356 3333 1608 3400 rugulosa
1646 3330 1929 3399 sulphurea
1966 3347 2073 3379 um-

212 3404 402 3456 brato·
425 3406 646 3457 limitata
683 3409 824 3458 intus
862 3408 975 3458 alba
998 3443 1011 3468 ,
1065 3405 1362 3473 apotheciis
1400 3402 1666 3470 profunde
1704 3401 1966 3450 immersis
2002 3400 2076 3447 la-

213 3475 602 3543 geniformibus
642 3478 894 3529 solitariis
931 3476 1331 3547 aggregatisve,
1391 3472 1603 3525 ostiolis
1654 3471 1914 3540 elongatis
1952 3469 2075 3520 sub·
