2163 3852
1461 80 1475 105 l

160 130 267 182 222
761 124 1063 175 neumas.
1123 125 1424 177 Pamisus.

163 273 498 337 deflectitur,
550 288 748 341 eaeque
783 272 847 323 ab
887 271 1041 324 initio
1077 274 1357 341 cupulares
1394 275 1634 344 margine
1665 274 1895 343 inflexo,
1934 279 2028 333 de-

162 364 305 395 mum
356 347 599 396 dilatatae
647 343 908 393 diametro
946 361 1113 412 usque
1160 344 1450 406 trilineari‚
1489 346 1729 412 margine
1768 350 1856 399 vix
1895 350 2025 413 ullo,

159 417 333 466 rarius
368 415 555 465 eodem
593 415 788 481 (aeque
813 430 872 463 ae
901 413 1110 471 thallus)
1141 413 1486 468 denticulato.
1557 416 1752 468 Discus
1783 431 2027 471 constan-

158 496 244 536 ter
280 501 568 543 concavuS,
607 485 921 552 plerumque
960 485 1522 550 carneo-pruinosuS,
1559 486 1732 537 rarius
1773 488 1956 554 ruber.

300 580 498 631 Crescit
529 578 581 628 in
616 578 841 629 ramulis
870 578 1123 628 arborum
1155 578 1227 626 ad
1258 579 1430 648 ripam
1455 577 1632 646 flavii
1665 582 2026 637 Amazonum.

297 679 534 728 Adnot.
589 677 773 726 Planta
810 678 985 744 primo
1023 675 1219 726 intuitu
1258 678 1643 729 Ramalinae
1681 679 2028 746 polymor-

155 748 326 816 phae
372 746 523 798 Aah.
584 747 814 796 similior
855 765 1006 816 quam
1061 746 1417 811 praecedens,
1475 748 1658 798 colore
1699 767 1829 800 vero
1875 751 2026 802 thalli

155 818 400 887 diseique
451 818 644 866 maturi
695 828 852 885 atque
899 818 1112 866 lineolis
1158 818 1518 868 constantibus
1569 818 2027 883 distinctissimis‚

154 887 280 937 dein
336 888 559 955 apiculis
606 905 646 935 s.
694 886 980 936 denticulis
1025 885 1201 946 thalli,
1257 886 1386 936 licet
1431 887 1513 936 his
1556 890 1728 938 minus
1776 901 2024 940 constan-

151 957 325 1017 tibus,
380 959 505 1006 satis
556 956 819 1004 distincta.
894 957 1198 1022 Specimina
1235 969 1414 1006 nostra
1461 957 1530 1007 ob
1578 958 1713 1007 disci
1759 959 2028 1025 duplicem

152 1027 394 1076 colorem
428 1029 642 1075 citatum
678 1025 883 1092 sejungi
911 1044 1018 1075 non
1054 1036 1299 1091 possunt,
1339 1027 1536 1094 quippe
1569 1029 1660 1095 qui
1696 1028 1750 1077 in
1782 1030 2025 1094 plurimis

151 1097 367 1166 quidem
393 1096 700 1161 caespitulis
725 1096 949 1162 integris
976 1107 1280 1145 constanter
1306 1111 1548 1156 carneus,
1579 1099 1633 1146 in
1655 1098 1772 1147 aliis
1798 1099 2026 1164 juniori-

148 1167 246 1217 bus
280 1177 333 1216 et
365 1165 718 1215 adultioribus
757 1177 1064 1214 constanter
1100 1165 1294 1225 ruber,
1332 1166 1387 1214 in
1420 1168 1579 1219 unico
1614 1180 1787 1217 tamen
1816 1171 2023 1236 caespi-

148 1238 261 1286 tulo
321 1236 720 1303 apotheeiorum
778 1235 1045 1301 juniorum
1102 1251 1326 1284 carneus
1383 1246 1435 1284 et
1491 1237 1811 1286 adultiorum
1857 1241 2023 1290 ruber

150 1307 482 1357 observatur.
556 1306 780 1355 Accedit
830 1304 1219 1373 quodammodo
1265 1315 1482 1354 nostrae
1531 1308 1833 1357 Borrera
1899 1310 2021 1360 Ce-

147 1376 383 1428 ruehis
430 1375 616 1437 Ach.‚
675 1376 822 1440 eujus
861 1393 988 1425 vero
1031 1374 1321 1440 specimina
1358 1393 1490 1444 quae
1521 1394 1548 1426 e
1586 1378 1880 1428 Peruvia
1923 1378 2015 1428 ha-

147 1446 366 1506 bemus,
429 1447 591 1495 thallo
655 1447 892 1515 quamvis
951 1446 1172 1494 subinde
1211 1445 1439 1495 foliaeeo
1479 1463 1577 1496 nee
1623 1464 1834 1515 semper
1881 1459 2026 1499 tere·-

148 1517 408 1578 tiusculo,
452 1516 695 1566 molliore
735 1527 911 1565 tamen
953 1527 1006 1564 et
1043 1515 1243 1564 laxiore
1281 1516 1420 1566 intus
1461 1527 1708 1583 stuppeo,
1748 1528 2021 1587 stratoque

146 1587 387 1636 eortieali
428 1586 605 1654 fragili
640 1587 694 1634 in
739 1585 1123 1652 speciminibus
1161 1584 1331 1650 planis
1363 1585 1643 1646 lacunoso,
1689 1588 1909 1653 propius
1954 1588 2020 1638 ad

145 1656 513 1706 Everniam
594 1655 955 1723 prunastri
1037 1655 1275 1715 accedit,
1358 1671 1459 1706 nec
1527 1657 1906 1725 asperitatibus
1966 1669 2022 1710 et

143 1726 357 1776 lineolis
398 1726 574 1776 citatis
613 1737 789 1776 notata
829 1737 925 1775 est.

413 1921 488 1962 50-
548 1923 934 1961 ΡΑΒΜΕΙᾸΑ
1017 1923 1574 1960 GYMBALIFERA.
1635 1913 1666 1966 †

278 2039 340 2086 P.
378 2035 541 2086 thallo
581 2037 885 2103 caespitoso
925 2048 1105 2087 erecto
1139 2036 1370 2086 foliaeeo
1405 2053 1433 2086 e
1470 2035 1683 2084 laciniis
1726 2035 2019 2088 linearibus

142 2108 395 2175 utrinque
422 2108 653 2156 laevibus
683 2108 883 2173 glaucis
913 2107 1151 2173 margine
1184 2107 1547 2173 integerrimis
1575 2107 1724 2172 apice
1753 2107 2017 2158 obtusius-

141 2178 308 2236 culis,
350 2177 584 2225 scutellis
622 2177 1086 2226 subterminalibus
1120 2176 1292 2244 planis
1326 2176 1708 2244 immarginatis
1745 2177 2013 2243 adpressis

141 2247 490 2314 subpeltatiS,
534 2247 682 2296 diseo
729 2249 989 2297 aurantio.

282 2318 506 2383 Species
541 2318 931 2384 elegantissima
968 2327 1020 2365 et
1059 2316 1477 2367 distinctissima.
1555 2316 1772 2367 Thallus
1811 2318 2018 2386 caespi-

137 2387 304 2436 tulum
342 2386 631 2436 efformatis
668 2388 887 2437 uncialis
919 2388 1035 2436 fere
1069 2387 1384 2445 altitudinis,
1424 2404 1450 2434 e
1485 2397 1673 2435 centro
1709 2388 1763 2436 in
1794 2389 2015 2440 lacinias

138 2457 371 2518 divisus,
431 2459 631 2506 eoloris
670 2458 840 2524 glauci
882 2457 1210 2506 nitidissimi.
1283 2458 1533 2505 Laciniae
1568 2468 1807 2517 erectae,
1859 2460 2016 2508 strie-

136 2539 253 2585 tae,
294 2527 554 2586 lineares,
597 2527 812 2592 planae,
854 2540 1034 2577 exacte
1073 2528 1319 2585 lineares,
1357 2527 1611 2593 undique,
1648 2527 1692 2576 si
1732 2528 2012 2577 divisionis

134 2598 250 2646 loca
278 2599 542 2664 excipias,
584 2599 828 2665 aequales
869 2598 1147 2646 latitudine
1195 2608 1248 2646 et
1283 2597 1552 2654 crassitie,
1594 2597 1765 2645 rarius
1803 2616 2013 2647 sursum

135 2667 356 2715 latiores
394 2668 741 2728 subeonieae,
782 2667 1113 2716 dichotomae
1144 2667 1308 2715 semel
1341 2667 1424 2714 vol
1454 2667 1534 2714 bis
1566 2667 1797 2725 divisae,
1838 2664 2010 2717 rarius

138 2737 627 2797 subtrichotomae,
694 2737 819 2786 hinc
868 2739 991 2786 inde
1073 2738 1223 2804 quasi
1273 2734 1667 2802 prolifieatione
1725 2736 1902 2787 subito
1958 2738 2015 2788 in

135 2807 316 2873 plures
366 2807 614 2856 laeinulas
658 2807 1018 2857 euneiformes
1071 2807 1269 2856 divisae
1308 2823 1502 2872 easque
1547 2806 1772 2856 subinde
1815 2809 2011 2857 iterum

134 2875 431 2943 eodemque
475 2878 630 2926 modo
671 2879 901 2939 divisas3
956 2876 1265 2944 superficies
1304 2878 1463 2925 laevis
1501 2892 1601 2925 nec
1641 2877 1746 2926 nisi
1786 2877 1848 2926 ad
1893 2879 2008 2926 len-

134 2957 244 2994 tem
288 2947 499 3011 punctis
541 2949 800 3015 elongatis
839 2948 1188 2998 albicantibus
1226 2959 1427 3008 notata3
1477 2963 1657 3013 margo
1700 2959 2009 2998 constanter

135 3017 518 3083 integerrimus
570 3030 783 3078 rectus,
837 3019 962 3067 hine
1014 3019 1235 3066 laciniae
1292 3018 1337 3066 si
1384 3017 1537 3083 apice
1585 3016 1800 3067 latiores
1853 3028 2007 3077 sunt,

135 3087 527 3148 euneil'orme53
568 3089 744 3154 apices
778 3089 1086 3138 laciniarum
1116 3088 1234 3137 fere
1268 3105 1476 3152 semper
1507 3086 2011 3148 fructife1·i„‚ra1·ius

135 3156 345 3205 steriles
402 3158 519 3224 (qui
565 3173 690 3207 vero
730 3159 936 3224 saepius
977 3159 1314 3208 scutellarum
1352 3158 1503 3207 initia
1541 3157 1744 3215 serunt)
1805 3155 2004 3219 obtusi,

132 3227 404 3276 rotundati
452 3237 505 3275 et
544 3230 827 3277 truncatuli
867 3230 946 3277 vel
988 3219 1455 3281 etiamssuenuati.
1530 3226 1792 3275 Scutellae
1831 3226 2010 3292 junio-

130 3313 218 3344 res
261 3298 574 3364 plerumque
619 3316 789 3364 prope
827 3300 1065 3363 apicem,
1115 3300 1288 3347 rarius
1331 3299 1394 3346 ad
1433 3297 1752 3364 marginem,
1793 3313 2008 3363 semper

132 3366 349 3433 quidem
382 3366 479 3415 hac
516 3379 687 3416 aetate
724 3369 775 3416 in
819 3369 984 3417 latere
1021 3369 1243 3417 laciniae
1276 3369 1431 3432 plano
1467 3383 1566 3415 nec
1605 3367 1658 3413 in
1695 3366 1846 3431 apice
1885 3367 2007 3433 ipso

129 3437 354 3501 positae,
387 3436 512 3486 hinc
541 3453 659 3486 cum
687 3438 896 3488 laciniis
920 3440 1048 3505 ipsis
1080 3438 1398 3501 verticales;
1428 3436 1632 3485 adultae
1656 3454 1859 3486 sursum
1887 3453 2008 3487 ver-

131 3522 221 3555 sae
275 3506 442 3574 magis
500 3507 739 3562 minusve
802 3509 1198 3573 horizontale8‚
1267 3524 1331 3558 ex
1388 3508 1541 3574 apice
1598 3505 1826 3557 laciniae
1885 3504 2005 3557 sere

2015 3646 2032 3665 δ
