2163 3852
140 127 253 184 1152
664 119 981 172 meamus.
1018 118 1443 171 Ponormmum.

296 269 710 331 Chiodectonis‚
751 265 858 320 Hie
892 269 1081 336 spem?

241 423 249 430 ¹
289 369 686 432 Mycoporum‚
724 355 937 427 Meyer
972 356 1012 409 l.
1050 375 1097 411 c.
1115 375 1174 425 p.
1211 356 1335 425 327.

301 448 670 518 Stigmatidii‚
707 446 877 512 ejusd.
914 464 1059 518 spec.
1452 486 1456 490 .
2053 494 2056 497 Ι

287 537 672 593 Porodothion
706 548 763 587 et
794 535 1090 605 Segestria‚
1133 531 1284 584 Fries
1312 532 1392 603 pl.
1436 533 1651 585 bomon.
1686 551 1742 603 p.
1782 533 1899 587 262.
1938 534 2062 589 263.-

335 652 380 710 S
397 665 468 709 tr
486 670 523 707 o
543 669 657 706 ma
701 646 1013 717 discolor,
1057 646 1264 727 plures
1293 646 1507 704 fovens
1535 646 1789 706 nucleos
1815 644 2062 725 subglo-

168 738 382 803 bOSOS,
433 731 657 800 nudOS,
705 730 1164 809 eorundemque
1187 728 1429 788 ostiolis
1450 729 1706 808 singulis
1727 743 2062 810 pertusum.

316 858 370 914 T
384 855 428 913 h
444 852 515 911 al
530 854 553 912 l
566 875 606 910 u
624 874 653 910 s
713 868 1086 923 erustaceus.

298 975 495 1027 Adno
523 987 566 1025 t.
639 974 871 1025 Generis
912 974 1126 1041 species
1165 983 1417 1023 stromate
1459 973 1620 1039 nigro
1658 972 1952 1041 gaudentes
1988 972 2068 1024 af-

169 1048 434 1100 finitatem
484 1044 686 1095 habent
732 1043 860 1093 hinc
919 1061 1038 1094 cum
1075 1043 1478 1103 Arthoniis‚
1530 1044 1681 1092 illinc
1729 1061 1848 1094 cum
1899 1045 2069 1098 Ver-

152 1136 274 1170 ruc
298 1116 484 1168 ariis
525 1115 720 1183 quibus
761 1113 1044 1179 apothecia
1083 1125 1202 1162 sunt
1239 1114 1570 1180 composita,
1613 1114 1683 1164 ob
1717 1114 2069 1164 substantiam

161 1206 296 1240 vero
349 1184 736 1237 carbonaceam
792 1183 856 1233 ab
909 1181 1252 1254 hisomnino
1293 1184 1504 1233 diversa
1540 1183 1665 1247 (cfr.
1707 1202 1864 1252 supra
1899 1186 2070 1239 Ver-

147 1257 506 1320 rucarijam
556 1254 1098 1306 arthonioidem
1135 1272 1186 1320 p.
1235 1255 1402 1319 μιᾳ).
1505 1255 1924 1304 Porothelia
1975 1254 2070 1304 ab-

161 1330 339 1381 ortiva
379 1337 701 1377 structuram
739 1321 1035 1374 indicatam
1065 1323 1457 1374 Arthoniae
1494 1322 1755 1392 adipisci,
1795 1325 1939 1394 quod
1973 1324 2071 1376 ob-

156 1398 395 1452 servavit
432 1397 535 1447 cel.
575 1399 618 1447 F
637 1416 664 1446 r
683 1397 700 1445 i
720 1413 749 1445 e
773 1415 795 1446 s
817 1431 843 1461 ,Ι
870 1411 1143 1465 nunquam
1181 1395 1430 1445 vidimus.

299 1468 502 1519 Nescio
541 1483 638 1517 cur
673 1469 1008 1531 Meyerus
1059 1482 1257 1516 nomen
1309 1463 1550 1514 mutavit.
1624 1465 1837 1514 Nomen
1873 1464 2070 1516 Frie-

154 1540 251 1591 sii
288 1536 807 1590 Porodothion
847 1535 1006 1598 (licet
1043 1538 1231 1585 Poro
1255 1535 1572 1584 theleum
1613 1534 1783 1599 ejusd.
1825 1547 2072 1602 tempore

154 1628 266 1678 quo
305 1608 620 1660 creabamus
658 1618 934 1665 nostrum,
994 1607 1165 1656 sectio
1220 1616 1425 1654 tantum
1474 1605 1729 1672 generice
1781 1606 1950 1670 esset)
1988 1604 2072 1654 lu-

82 1740 84 1743 ,
156 1680 357 1731 beuter
385 1679 786 1745 acciperemus,
827 1677 934 1725 nisi
986 1675 1507 1726 Porotheleum
1543 1677 1649 1726 Fr.
1689 1692 1814 1726 mox
1851 1676 2073 1725 citatum

155 1769 255 1820 pro
294 1767 494 1817 genere
531 1749 620 1801 vix
657 1748 786 1798 satis
824 1746 1138 1796 distinctum
1175 1747 1472 1797 videretur.

301 1818 686 1888 Segestria
736 1820 843 1867 Fr.
904 1816 1200 1866 secundum
1255 1817 1591 1866 characteres
1629 1816 1780 1865 datos
1820 1833 1847 1864 a
1885 1826 2073 1866 nostro

164 1908 366 1962 genere
406 1889 759 1958 ejusdemque
798 1885 1257 1937 Porodothio
1309 1904 1419 1936 non
1470 1884 1660 1935 differt
1708 1886 1814 1934 nisi
1864 1886 2075 1936 nucleis

165 1962 453 2021 solitariis,
525 1960 838 2010 charactere
899 1975 1058 2025 quem
1115 1967 1303 2006 auctor
1372 1957 1491 2023 ipse
1549 1956 1606 2004 in
1665 1972 1867 2022 genere
1920 1955 2077 2006 affini

158 2030 653 2100 Trypethelio
703 2028 945 2097 neglexit
996 2027 1123 2088 (csr.
1179 2037 1466 2093 praeterea
1518 2043 1679 2092 supra
1735 2026 1948 2089 adnot„
2008 2026 2078 2077 ad

161 2105 339 2154 tribus
402 2101 773 2151 characterem
823 2116 876 2165 p.
924 2099 1065 2165 149).
1141 2097 1428 2164 Subjungit
1481 2097 1701 2165 quidem
1740 2099 1948 2147 Auctor
1997 2107 2092 2146 sa-‘

162 2173 484 2242 gacissimus
539 2169 908 2220 differentiam
964 2185 994 2218 e
1046 2167 1491 2218 Porodothii
1543 2178 1798 2217 stromate
1853 2167 2080 2217 hetero-

162 2261 341 2312 geneo
380 2255 434 2293 et
473 2239 894 2309 Segestriae
934 2249 1194 2287 stromate
1233 2255 1262 2287 e
1303 2248 1468 2287 strato
1497 2237 1781 2286 medullari
1806 2236 2079 2302 formato;

160 2315 297 2365 haee
335 2330 464 2365 vero
506 2310 788 2361 distinctio
821 2310 949 2358 hinc
979 2308 1281 2358 characteri
1313 2307 1487 2356 tribus
1523 2307 1871 2375 (Trypeth
1892 2308 2037 2358 elia
2060 2337 2084 2347 -

162 2384 474 2447 cearum)
513 2393 738 2446 accepto
794 2379 1145 2446 „excipulum
1182 2377 1653 2429 verrucaeformae
1694 2396 1724 2428 e
1767 2389 1933 2428 strato
1971 2395 2085 2427 me-

165 2454 400 2517 „dullari
446 2453 597 2503 thalli
634 2452 967 2502 formatum“
1004 2461 1300 2517 repugnat,
1368 2449 1521 2496 illino
1573 2449 1632 2496 in
1685 2448 1934 2498 omnibus
1973 2459 2085 2498 tam

164 2524 398 2576 difficile
453 2523 690 2574 eruenda
732 2532 845 2583 est,
888 2531 947 2570 ut
983 2531 1162 2570 ortum
1207 2520 1430 2569 citatum
1473 2517 1631 2566 unius
1680 2520 1850 2584 partis
1889 2536 1954 2568 ex
2008 2519 2084 2567 al-

163 2608 284 2646 tera
321 2594 539 2646 nonnisi
588 2592 964 2661 physiologice
1000 2591 1321 2642 evolutionis
1352 2599 1609 2654 respectu
1631 2606 1731 2653 pro
1773 2589 2088 2639 charactere

164 2667 344 2717 tribus
385 2665 626 2734 generali
673 2665 874 2714 habere
928 2661 1234 2728 possimuS‚
1291 2660 1565 2725 satiusque
1610 2659 1915 2708 duxerimus
1956 2677 2088 2715 eun-

166 2737 292 2790 dem
326 2739 578 2786 omittere
626 2735 770 2784 inter
800 2732 974 2782 tribus
1018 2748 1386 2799 generumque
1427 2726 1764 2795 singulorum
1809 2729 2088 2779 characte-

170 2825 259 2857 res
302 2807 428 2865 kcfr.
475 2807 651 2856 adnot.
719 2821 875 2870 supra
905 2803 1005 2853 l.c.
1053 2802 1217 2863 150.).
1293 2800 1351 2850 Si
1393 2798 1521 2848 dein
1551 2816 1651 2865 pro
1684 2801 1845 2850 unico
1882 2815 2089 2867 genere

172 2877 571 2945 Segestria
631 2873 1000 2926 differentiam
1053 2889 1082 2922 e
1140 2869 1412 2921 stromatis
1464 2868 1758 2920 substantia
1809 2871 2088 2936 accipere-

172 2967 327 3010 mus,
367 2949 435 3000 ob
473 2945 972 2997 Porothelium
1025 2941 1254 2992 album
1292 2942 1478 3008 utique
1536 2940 1601 2989 ad
1655 2958 1823 3007 genus
1853 2959 1975 2990 mox
2013 2940 2090 2989 ci-

171 3030 343 3070 tatum
385 3017 733 3068 referendum
775 3016 1049 3066 character
1101 3029 1231 3061 nuc
1256 3011 1356 3059 lei
1410 3029 1432 3058 s
1455 3010 1594 3060 olit
1615 3011 1758 3060 arii
1815 3010 2088 3063 tollendus

177 3103 358 3153 esset3
426 3099 675 3155 superest
728 3085 924 3136 exinde
987 3082 1142 3150 prior
1202 3083 1482 3131 character
1523 3081 1712 3131 citatus
1757 3081 2088 3133 difficillime

179 3161 450 3214 eruendus
481 3176 583 3210 nec
623 3159 680 3208 in
719 3157 827 3208 alio
863 3171 1068 3225 genere
1103 3151 1393 3204 contribuli
1432 3151 1717 3201 adhibitus.

428 3342 470 3382 l·
513 3344 1078 3385 rono'rnnmun
1154 3338 1773 3379 ARTHONIOIDES.
1830 3324 1860 3375 †

318 3475 380 3529 P.
433 3484 612 3529 crusta
667 3472 907 3540 (juniore
951 3468 1435 3537 hypophloeode‘2)
1475 3467 1691 3517 cinerea
1727 3462 2088 3532 nigro-limi-
