2163 3852
634 121 945 177 Lucanum.
1014 121 1327 207 Ani-nonu.
1815 132 1928 211 100,

527 268 560 325 'l'
602 271 832 323 Genus
877 270 1097 323 affine
1145 273 1427 326 dubium.

563 361 565 364 ¹
721 395 830 439 vn.
887 357 1230 442 ARTuoNu.

177 497 325 570 Syst.
363 496 604 622 Εἱείἦὲρ.
644 521 722 569 ¹7·
749 498 862 574 fig.
897 523 978 558 20.
1017 534 1086 544 -
1118 503 1267 557 Icon.
1302 504 1396 556 sel.
1431 517 1681 581 cryptog.
1717 510 1831 579 tab.
1861 531 1914 583 q.

269 589 282 620 1
327 609 338 619 .
369 588 397 621 2
430 590 458 620 e
548 610 558 621 .

175 566 468 714 Aribgoniae
488 695 501 721 ‚
539 656 683 711 Ach.
711 657 937 712 Lichen.
963 661 1109 713 univ.
1134 681 1192 731 p.
1228 665 1309 715 25.
1336 683 1479 730 spcc.

195 750 717 830 Apothecium
777 752 1121 810 sublincare
1147 769 1231 811 ‚et
1273 753 1583 826 difforme,
1645 762 1915 820 verruci-

36 829 267 901 forme,
333 831 561 888 nudum
582 873 599 901 ,
659 853 879 912 aspero
910 869 932 880 -
958 834 1350 906 tumidulum,
1420 837 1580 895 intra
1639 841 1916 902 substan-

34 912 183 972 tiam
234 910 747 991 subgelatinosam
812 936 988 974 ascos
1030 915 1244 976 fovens
1303 918 1675 999 pyriformes
1723 923 1914 983 theci-

30 1013 228 1071 gez-os,

191 1074 298 1131 Th
314 1097 348 1132 a
370 1074 478 1133 llu
497 1097 523 1133 s
568 1091 938 1137 crustaceus.

166 1173 306 1224 Adn
326 1185 408 1224 ot.
501 1174 788 1225 Arthonias
834 1177 1114 1243 indigenas
1160 1178 1454 1228 Acharii
1510 1183 1776 1233 variorum
1816 1184 1912 1235 Li-

26 1244 287 1304 chenum,
340 1246 605 1311 imprimis
645 1247 1019 1313 Graphidis
1058 1249 1309 1314 generis,
1361 1249 1558 1299 formas
1603 1265 1910 1306 monstrose

29 1314 349 1364 deformatas
380 1332 526 1373 esse,
569 1334 671 1363 non
706 1317 820 1365 sine
849 1316 966 1382 jure
999 1330 1321 1367 monuerunt
1351 1322 1679 1385 sagacissimi
1717 1325 1911 1374 Frie-

30 1386 213 1444 sius‚
253 1385 732 1435 Wallrothius
788 1397 839 1434 et
894 1390 1240 1448 Meyerus‚
1291 1406 1466 1456 neque
1499 1391 1563 1439 de
1598 1391 1694 1440 hac
1734 1411 1793 1442 re
1827 1394 1908 1443 ul-

27 1454 138 1503 lum
178 1454 395 1503 dubium
436 1467 533 1504 est.
610 1455 699 1504 Sic
735 1473 950 1523 quoque
995 1457 1348 1507 Lecideae
1385 1461 1672 1511 nonnullae
1709 1463 1763 1510 in
1794 1462 1908 1513 for-

27 1541 138 1573 mas
176 1523 472 1573 simillimas
502 1523 698 1573 abeunt
727 1526 1025 1590 apotheciis
1057 1526 1335 1577 diminutis
1369 1530 1608 1594 pluribus
1635 1530 1910 1583 confluen-

24 1593 187 1644 tibus.
257 1595 404 1644 Inter
447 1594 688 1643 lichenes
740 1613 868 1643 vero
925 1596 1168 1662 tropicos
1227 1598 1429 1647 similes
1488 1600 1695 1651 formae
1741 1603 1904 1653 obve-

28 1664 181 1714 niunt
228 1664 396 1732 magis
445 1665 729 1713 distinctae
779 1676 935 1733 atque
990 1679 1252 1715 structura
1316 1669 1573 1734 peculiari
1627 1672 1904 1739 insignes:

28 1734 309 1801 apothecis
348 1734 597 1782 nimirum
644 1735 934 1784 eorundem
970 1737 1381 1786 verruciformia
1417 1740 1469 1788 in
1510 1753 1643 1789 statu
1686 1743 1907 1794 humido

23 1805 188 1871 magis
217 1804 454 1853 minusve
487 1806 874 1863 intumescunt,
926 1805 1246 1868 substantia,
1297 1826 1431 1877 quae
1467 1810 1734 1879 indigenis
1764 1813 1909 1878 peri-

19 1873 188 1924 thecii
226 1873 289 1922 ad
324 1874 534 1923 modum
566 1892 800 1924 corneo-
822 1874 1150 1927 carbonacea
1181 1890 1262 1927 est
1284 1915 1297 1938 ‚
1338 1879 1445 1927 illis
1476 1883 1641 1948 magis
1665 1883 1908 1934 minusve

22 1943 331 1994 tremellosa
359 1943 755 2011 subpellucida,
805 1946 1139 2013 homogenea
1180 1959 1234 1996 et
1277 1948 1630 2000 subcellulosa
1669 1969 1770 2002 nec
1811 1971 1909 2002 nu·

22 2015 128 2064 otei
167 2014 234 2064 ad
271 2014 482 2064 modum
515 2013 1136 2083 floccoso-gelatinosa,
1179 2017 1463 2086 superficie
1503 2022 1717 2090 quidem
1751 2023 1906 2091 nigra

20 2084 105 2134 vel
153 2083 526 2147 fuscescente‚
600 2086 741 2135 nulla
807 2103 935 2135 vero
990 2088 1294 2137 membrana
1344 2091 1690 2159 cartilaginea
1736 2092 1906 2160 (quod

19 2152 360 2204 Acharius
398 2156 676 2206 contendit
737 2159 966 2216 vestita,
1016 2157 1079 2204 ad
1110 2157 1308 2207 lentem
1357 2159 1905 2230 elevato-punctata3

20 2236 299 2290 praeterea
344 2242 605 2274 verrucae
642 2225 902 2292 plurimae
940 2226 1192 2276 similiter
1237 2245 1295 2278 ac
1338 2230 1622 2298 indigenae
1665 2251 1690 2281 a
1733 2233 1906 2299 prima

19 2295 293 2359 juventute
328 2295 689 2344 membranula
734 2296 967 2344 thallode
999 2297 1239 2347 obtectae
1277 2311 1414 2348 sunt.
1490 2302 1614 2351 Asci
1648 2303 1700 2351 in
1736 2303 1905 2369 pluri·

23 2365 126 2413 mis
168 2364 372 2413 formae
421 2365 670 2414 insolitae
708 2366 1255 2432 ovato-pyriformis‚
1313 2369 1641 2421 substantiae
1683 2373 1905 2438 apothe-

19 2434 92 2483 cii
118 2435 368 2483 interiori
396 2433 737 2500 superficiem
774 2453 955 2484 versus
986 2437 1183 2498 innati,
1241 2438 1304 2486 ad
1350 2439 1550 2490 lentem
1598 2442 1902 2508 simplicem

20 2504 74 2552 in
118 2505 359 2554 sectione
410 2504 735 2554 horizontali
778 2517 834 2554 ut
884 2507 1135 2572 punctula
1184 2508 1429 2558 micantia
1482 2523 1754 2577 apparent.
1839 2516 1897 2560 ln

17 2574 103 2623 his
144 2573 332 2624 thecae
373 2586 587 2632 ternae,
647 2577 872 2643 quinae,
930 2588 1212 2642 septenae,
1263 2577 1497 2645 oblongo
1526 2581 1896 2645 -cylindricae,

16 2660 135 2693 curn
166 2647 302 2695 ascis
334 2656 664 2711 comparatae
704 2645 1054 2711 longitudinis
1081 2665 1264 2713 parum
1311 2650 1567 2711 minoris,
1608 2651 1896 2720 longitudi—

12 2714 209 2763 naliter
260 2715 364 2764 sihi
413 2715 821 2773 accunilaeiite5‚
890 2717 1226 2781 glomeratim
1277 2717 1510 2769 inclusae
1563 2733 1717 2780 sunt,
1772 2741 1900 2791 qua·

12 2801 132 2832 rum
158 2784 366 2834 mediae
398 2796 609 2846 rectae,
650 2786 948 2835 exteriores
989 2805 1174 2852 parum
1221 2800 1469 2838 curvatae
1523 2805 1575 2840 et
1623 2791 1897 2841 subclava-

11 2863 99 2902 tae
137 2865 286 2914 sunt,
327 2872 510 2904 omnes
548 2857 854 2916 annulatae,
913 2857 1121 2906 annulis
1154 2875 1379 2908 numero
1408 2859 1600 2927 impari
1633 2861 1696 2910 ab
1733 2864 1897 2913 unico

13 2941 182 2992 usque
222 2924 529 2993 quindecim
562 2928 737 2975 rarius
766 2925 1063 2994 quadratim
1089 2928 1379 2978 cellulosis.
1401 2930 1454 2993 ²¹⁸)

151 3013 283 3062 Cum
312 3012 446 3062 hanc
492 3024 810 3063 structuram
858 3015 914 3061 in
959 3013 1272 3066 domesticis
1316 3016 1594 3086 hucusque
1636 3018 1891 3086 detegere

13 3099 121 3132 non
150 3082 467 3134 valuerimus
506 3101 680 3152 neque
727 3085 781 3132 in
813 3085 1038 3149 tropicis
1075 3088 1348 3136 transitum
1383 3088 1500 3136 talis
1542 3105 1798 3138 verrucae
1838 3092 1892 3138 in

13 3151 394 3219 Graphidis
448 3153 787 3218 apothecium
821 3153 1208 3205 observarimus
1230 3195 1242 3217 ‚
1304 3174 1470 3223 genus
1500 3157 1765 3226 integrum
1799 3159 1891 3209 de-

12 3218 130 3271 lere
175 3240 285 3272 non
325 3223 587 3285 ausimus;
637 3236 920 3290 praeterea
975 3226 1103 3274 alibi
1157 3227 1356 3277 formas
1402 3227 1531 3276 istas
1579 3229 1891 3278 describere

11 3307 118 3340 non
164 3309 482 3358 possumus,
531 3310 648 3342 cum
693 3295 906 3361 species
954 3295 1310 3363 originarias,
1364 3298 1630 3364 siquidem
1661 3299 1725 3348 ad
1761 3300 1900 3349 talea

10 3360 343 3426 pertineant,
396 3365 726 3431 ignoremus.
811 3363 1141 3417 Confitemur
1172 3384 1337 3431 vero,
1391 3367 1662 3434 integrum
1698 3385 1887 3436 genus,

65 3520 114 3574 Ἴ
144 3522 213 3566 De
240 3521 467 3567 vocihuzz
499 3524 675 3569 theca
707 3532 754 3570 et
782 3537 958 3571 aucun
988 3525 1078 3570 cfr.
1112 3523 1331 3571 addenda
1365 3534 1414 3570 et
1458 3522 1762 3570 emendanda.
