2163 3852
714 234 1022 283 Licimims.
1079 227 1361 281 Commu.
1901 227 2006 282 239

252 385 436 434 Planta
489 383 651 433 variis
717 383 858 432 notis
913 401 940 430 a
991 379 1158 431 Coll.
1222 377 1480 427 bullato
1547 376 1662 426 Sw.
1715 374 1997 436 distincta,

126 473 186 504 an
228 456 441 521 species
490 452 740 521 propria,
809 453 862 500 in
902 451 1035 501 locis
1086 448 1346 497 natalibus
1398 446 1707 494 eruendum.
1783 446 2000 495 Thallus

117 525 280 587 laxus,
319 525 496 573 tenuis
535 533 655 588 (nec
692 521 1065 580 tenerrimus),
1107 519 1242 567 laete
1280 516 1469 567 viridis
1508 534 1690 582 parum
1727 516 1999 582 nigricans

120 595 246 654 (nec
292 593 629 660 plumbeus),
693 604 834 643 totus
873 593 1036 640 dense
1086 599 1139 638 et
1175 586 1489 636 tenuissime
1529 585 2002 652 plicato-rugulu-

120 683 208 714 sus
250 669 374 725 (nec
412 663 770 730 granulatus)‚
825 662 974 727 rugis
1024 659 1120 708 sub
1161 675 1291 724 aqua
1329 656 1743 722 persistentibus
1803 656 1866 705 ad
1906 672 2003 722 po-

121 733 265 782 detia
320 733 483 800 plicas
533 731 948 798 longitudinales
1001 727 1345 786 sistentibus,
1414 725 1614 773 ambitu
1669 726 1747 786 (in
1803 726 2002 776 nostris

116 803 234 853 fere
259 821 318 852 ac
358 804 412 851 in
453 802 806 853 Cladoniis
846 799 1090 868 plurimis
1131 795 1425 854 dificiente‚
1467 794 1756 844 secundum
1786 796 2002 846 iconem

118 874 331 923 citatam
413 871 926 922 rotundato-lobato
986 869 1221 935 crispato
1287 865 1678 916 subcrenulato.
1778 866 2003 916 Podetia

115 938 408 1007 cylindrioa
447 945 571 1003 (nec
610 943 965 1005 ventricosa)‚
1007 956 1161 995 cava,
1203 935 1616 992 confertissima,
1658 935 2003 985 chirothecae

116 1013 179 1062 ad
217 1013 409 1061 faciem
442 1013 703 1079 digitatim
736 1012 878 1061 inter
905 1029 961 1060 se
992 1008 1353 1065 cohaerentia,
1393 1004 1562 1055 3—-6
1601 1004 1691 1053 lin.
1731 1004 1856 1066 (nec
1895 1025 1912 1054 ι
1937 1005 2003 1055 -3

115 1081 239 1145 lin.)
267 1083 434 1149 longa.
483 1083 782 1149 Apothccia
808 1082 1017 1147 juniora
1043 1081 1096 1128 in
1123 1078 1356 1145 podetiis
1384 1087 1502 1125 ante
1531 1075 1812 1142 apothecia
1838 1075 2007 1126 effor-

115 1153 272 1201 matis
310 1152 674 1204 crassiusculis
721 1150 1128 1219 punctiformia‚
1177 1147 1367 1202 ‘adulta
1407 1163 1435 1194 e
1486 1146 1678 1195 lamina
1729 1145 2004 1197 discoidea

115 1223 444 1273 crassissima
483 1223 538 1271 in
590 1223 892 1271 summitate
932 1219 1141 1288 podetii
1191 1219 1451 1283 impressa
1487 1226 1600 1265 tota
1638 1215 1821 1266 adnata
1875 1216 2002 1280 (nec

113 1305 172 1342 ut
208 1293 262 1341 in
319 1293 560 1359 pluribus
610 1291 860 1341 affinibus
897 1291 1096 1341 ambitu
1133 1289 1357 1348 libera),
1420 1301 1648 1336 concava
1701 1299 1824 1345 (nec
1869 1302 2002 1336 con-

113 1363 468 1426 vexiuscula)‚
509 1364 888 1431 immarginata‚
929 1361 1031 1409 nisi
1069 1358 1346 1425 podetium
1394 1357 1449 1405 in
1493 1355 1691 1405 ambitu
1728 1356 2004 1423 turgidum

115 1432 362 1481 laminam
414 1432 686 1499 apothecii
736 1431 1052 1499 (praecipue
1089 1429 1145 1476 in
1193 1426 1503 1490 exsiccatis)
1551 1426 1745 1492 unguis
1792 1427 1856 1475 ad
1894 1443 2008 1476 mo-

119 1503 238 1552 dum
278 1503 591 1569 impressam
640 1520 898 1569 superans
937 1518 1034 1566 pro
1075 1498 1313 1564 margine
1349 1496 1576 1557 habeas,
1629 1483 1839 1544 demfim
1875 1495 2008 1544 dila-

117 1584 256 1632 tata,
296 1574 361 1622 ad
398 1573 716 1621 diametrum
753 1572 1121 1625 trilinearem‚
1182 1567 1445 1632 integram
1483 1565 1692 1633 podetii
1733 1565 2005 1614 summita-

114 1654 221 1693 tem
256 1643 522 1710 tegentia,
568 1641 694 1690 hinc
736 1641 986 1709 utrinque
1027 1635 1261 1697 reflexa,
1301 1635 1453 1686 illinc
1491 1635 1555 1685 ad
1594 1635 2007 1685 conversionem

113 1713 434 1763 contrariam
483 1728 714 1764 concava
761 1710 1016 1780 utrinque
1054 1709 1289 1767 elevata,
1359 1706 1495 1774 pilei
1545 1705 1728 1773 gallici
1777 1704 2009 1757 formam

116 1783 467 1833 aemulantia..

253 1905 454 1956 Crescit
493 1905 547 1955 in
580 1903 824 1956 Brctsilia
865 1907 1012 1970 (cum
1049 1898 1188 1952 Coll.
1223 1916 1422 1953 azur-eo
1457 1896 1602 1947 Ach.
1632 1898 2002 1952 commixtum.

118 1975 346 2044 Raddi.)

257 2104 316 2151 C.
404 2099 796 2150 bullatum?
893 2108 1274 2159 sertatum3
1320 2094 1352 2148 ’ἰ-
1421 2092 1584 2143 thallo
1676 2093 2005 2161 gelatinoso-

118 2172 544 2222 membranaceo*
575 2169 869 2220 tenerrimo
910 2166 1275 2232 subdiaphano
1325 2164 1542 2231 prasino
1586 2164 1843 2231 ruguloso
1883 2165 2008 2215 sub·

116 2235 496 2310 mo‘nophyllo',
537 2239 995 2300 subdenticulato,
1047 2236 1288 2287 scutellis
1329 2235 1525 2283 crassis
1565 2232 1621 2282 in
1657 2233 2003 2301 podetiorum

122 2329 371 2365 cavorum
422 2311 576 2377 apice
624 2311 754 2360 totis
803 2309 1040 2368 minatis,
1093 2305 1345 2359 convexis
1396 2302 1574 2365 rufis,·
1613 2305 1855 2372 margine
1890 2306 2009 2373 ple-

125 2399 352 2451 rumque
390 2380 624 2431 thallode
661 2376 1260 2430 frondoso-crenulato
1299 2374 1553 2442 crispato.

262 2505 504 2555 Plantula
541 2501 889 2570 praecedenti
924 2499 1172 2552 varietati
1220 2497 1467 2551 omnibus
1515 2496 1657 2549 notis
1705 2496 2007 2562 simillima,

117 2576 222 2626 nisi
274 2576 421 2645 quod
466 2573 712 2625 omnibus
754 2572 996 2640 partibus
1037 2571 1204 2621 multo
1244 2570 1422 2619 minor
1462 2568 1550 2617 sit.
1624 2567 1844 2618 Thallus
1881 2569 2011 2620 hine

116 2646 461 2697 tenuissimus
501 2644 809 2694 sublacerus
844 2643 1126 2710 (quantum
1157 2657 1226 2689 ex
1261 2638 1648 2706 speciminibus
1679 2637 1839 2688 laesis
1868 2637 2013 2705 judi-

117 2733 242 2767 care
295 2716 448 2779 licet)
506 2715 747 2783 margine
800 2710 1471 2763 denticulato-crenulatO.
1560 2708 1826 2761 Scutellae
1881 2708 2010 2759 dein

119 2788 413 2853 pleraeque
469 2785 602 2848 (non
652 2784 864 2847 omnes)
915 2798 1185 2834 convexae
1246 2780 1459 2849 quidem
1512 2789 1568 2829 et
1619 2778 1831 2828 demum
1887 2778 2008 2829 fere

118 2855 582 2922 hemisphaericae
609 2855 945 2922 proprioque
981 2853 1220 2920 margine
1261 2852 1576 2907 destitutae,
1618 2849 1729 2899 -sed
1765 2850 2008 2916 margine

114 2925 349 2977 thallode
385 2925 559 2976 libero
598 2944 637 2975 s.
690 2925 871 2991 potius
911 2934 1055 2973 serto
1094 2939 1122 2970 e
1175 2921 1382 2971 foliolis
1433 2919 1761 2971 tenuissimis
1812 2919 2002 2974 imbri·

118 2997 252 3048 eatis
288 2995 527 3063 crispato
549 2994 872 3047 -crenulatis
911 2992 1218 3060 composito
1254 2991 1461 3044 cinctae
1500 2997 1638 3044 su'nt.

264 3143 468 3196 Crescit
502 3145 557 3196 in
596 3143 841 3197 Brasilia
878 3144 931 3196 in
969 3142 1180 3196 muscis.
