2163 3852
188 126 294 177 372
418 129 420 132 ’
714 129 1053 179 Hammon.
1092 131 1553 184 Juncssnnuumn.

189 272 485 341 primaevis
526 276 599 325 ad
634 275 713 329 St.
755 275 913 329 Joan.
964 277 1220 348 Baptista
1283 281 1352 344 (a
1387 281 1565 335 Illart.
1615 293 1665 335 et
1702 283 1980 350 Sellow),·
2040 285 2098 336 in

197 340 505 411 Ροίγροᾱίο
551 347 785 412 quodam
830 348 1033 399 invenit
1073 349 1142 401 cl.
1174 349 1459 404 Schrader.
1501 383 1566 393 —
1626 353 1692 405 [ἡ
1731 354 1872 406 ,Ιαυα
1916 355 2098 406 insul-a

194 411 327 533 Ιιιῖῗο
377 413 651 484 frequens
699 419 954 470 occurrit.
1015 421 1119 485 (V.
1170 440 1213 471 c.
1266 421 1438 488 σαῖς)
1490 451 1558 459 —
1627 425 1787 497 etiam
1846 424 2101 478 e1Clu‘na

198 502 232 532 α
284 493 376 534 ata
415 495 509 535 est.

333 581 624 634 Observ.
698 586 742 635 J.
786 588 1178 638 Tamarisci
1216 606 1342 639 sane
1377 591 1652 642 simillima
1699 606 1811 656 est,
1852 589 1946 645 sed
1991 593 2098 643 dif-

194 650 302 701 fert
332 668 513 702 nostra
539 653 776 705 abunde:
817 669 1014 707 statui-a
1047 658 1245 724 majore
1283 658 1544 725 firmiore,
1583 664 1734 714 soliis
1775 666 2122 716 crassiuscu«

192 721 286 782 lis,
329 724 583 773 auriculis
629 743 658 775 e
697 727 948 795 marginis
997 729 1198 778 interni
1242 729 1356 779 basi
1411 733 1654 782 oriundis
1712 735 1956 804 caulique
2009 752 2099 800 ap·

192 793 505 857 proximalis
537 806 589 843 et
625 797 1054 864 amphigastriis,
1094 817 1194 866 per
1223 816 1279 849 se
1315 801 1527 869 quidem
1575 804 1854 856 latioribus
1905 816 1958 854 et
1995 821 2133 851 ma-'

193 863 275 928 gis
311 864 645 926 rotundatis,
699 870 1022 934 supertectis
1048 907 1059 929 ‚
1125 869 1473 935 perichaetiis
1523 874 1759 945 denique
1806 888 1911 927 tam
1949 875 2101 925 foliis

194 950 351 1000 quain
394 934 795 1004 amphigastriis
833 939 1215 1008 integerrimis.

303 1156 370 1202 56.
447 1164 1044 1206 JUNGERMANNIA
1112 1171 1489 1210 GRAcims.
1555 1175 1613 1210 N.
1659 1176 1713 1210 R.
1759 1176 1848 1214 ΕΤ
1891 1178 1996 1212 Bt..

326 1279 373 1328 J.
415 1280 565 1331 caule
604 1295 831 1349 repente
889 1285 1150 1352 pinnatim
1202 1305 1417 1339 ramoso
1476 1289 1891 1357 subbipinnat03
1945 1291 2117 1361 foliis,

192 1347 490 1398 imbricatis
539 1353 856 1404 orbiculatis
907 1357 1113 1406 obtusis
1154 1358 1553 1427 integerrimis,
1609 1361 1860 1411 auriculis
1903 1362 2101 1413 obova-

193 1419 263 1466 tis
299 1420 533 1488 obliquis
582 1423 892 1484 denudatis,
949 1429 1352 1496 amphigastriis
1405 1429 1702 1482 imbricatis
1749 1432 1922 1499 planis
1980 1434 2100 1482 sub·

193 1490 440 1539 rotundis
490 1491 668 1542 bifidis
720 1498 1119 1563 intege¹·rinii5‚
1169 1500 1381 1550 laciniis
1424 1502 1878 1565 conniventibus3
1918 1503 2100 1554 fructu

194 1559 249 1623 in
279 1562 441 1620 ramis
484 1562 736 1615 brevibus
769 1569 1067 1626 terminali,
1109 1569 1260 1619 soliis
1298 1582 1354 1620 et
1385 1572 1786 1640 amphigastriis
1821 1574 2100 1639 perichao-

192 1628 405 1679 tialibus
463 1632 962 1697 inciso-serratis,
1035 1639 1305 1704 calycibus
1383 1642 1715 1708 prismaticis
1767 1649 2114 1696 mucronatis

195 1699 453 1750 laevibus.

256 1817 675 1883 Jungermannia
717 1819 953 1885 gracilis,
993 1819 1207 1871 Reium.
1247 1821 1385 1873 Nees
1424 1826 1494 1873 ab
1511 1823 1788 1875 Esenbeck
1818 1836 1869 1876 et
1901 1824 2101 1878 Blmne

399 1883 679 1954 Jungerm.
713 1885 832 1938 Jav.
873 1889 924 1938 ιίι
963 1889 1103 1943 Nou.
1140 1895 1271 1941 Aci.
1307 1895 1414 1944 Ac.
1457 1893 1588 1945 Nat.
1634 1893 1760 1946 Cur.
1831 1896 1941 1950 Vol.
1983 1899 2099 1950 XII.

395 1952 457 2004 P.
501 1975 539 2005 ι.
588 1975 639 2016 ρ.
674 1975 788 2007 221.
833 1959 1025 2014 Lehm.
1055 1960 1191 2031 Hep.
1230 1962 1360 2033 Cap.
1398 1965 1453 2015 in
1485 1963 1653 2017 Linn.
1680 1969 1770 2023 IV.
1815 1988 1857 2019 1.
1897 1969 2099 2038 p.3.‘39.

397 2024 537 2076 N'ees
566 2023 706 2096 Syn.
743 2026 880 2097 Hep.
911 2031 1028 2094 juv.
1060 2052 1116 2101 ρ.
1145 2045 1229 2102 49.

334 2152 397 2201 In
428 2149 719 2204 Provincia
758 2153 1021 2207 Ραναέιιεὶ
1054 2159 1128 2208 acl
1161 2160 1417 2218 arborum
1450 2161 1702 2221 cortices,
1742 2162 1967 2231 quibus,
2009 2166 2110 2213 ra?

195 2217 385 2271 diatim
430 2242 458 2272 e
497 2235 683 2275 centro
722 2243 818 2275 suo
860 2246 1136 2296 expansa,
1175 2241 1327 2282 arcte
1355 2232 1631 2283 adhaeret.
1692 2234 1786 2298 (V.
1817 2231 1991 2304 s.fr.)
2029 2264 2100 2274 -—

190 2287 256 2339 In
286 2290 429 2342 Java
470 2293 649 2344 insula
691 2297 969 2347 rarissima
997 2302 1260 2361 occurrit,
1303 2299 1820 2373 undesructg'ferom
1840 2303 2098 2354 habemus

188 2378 222 2410 a
257 2361 337 2413 Cl.
360 2360 581 2415 Blumz'o
619 2365 831 2417 lectam.
904 2367 971 2419 In
993 2370 1180 2439 Capite
1216 2372 1388 2423 bonae
1415 2375 1528 2442 spei
1560 2374 1694 2444 legit
1725 2373 1957 2426 Ecklorz.

327 2488 578 2542 Adnot.
667 2495 1272 2564 J-ungermanuiae
1330 2501 1718 2551 Tamarisci
1781 2503 1905 2555 Lin.
1970 2502 2099 2553 satis

188 2560 526 2629 propinqua,
574 2562 794 2614 differte
852 2578 1129 2620 statura
1169 2573 1483 2631 tenerrima,
1535 2572 1887 2623 auriculis
1931 2572 2099 2639 majo-

189 2628 338 2678 ribus
393 2631 673 2692 obovatis‚
735 2637 1280 2706 amphigastriis
1339 2642 1454 2692 fere
1524 2642 1836 2692 orbiculatis
1902 2644 2094 2710 planis,

188 2715 290 2748 nec
328 2700 702 2769 subquadratis
741 2711 1090 2778 margineque
1132 2712 1416 2772 revolu1i33
1480 2712 1685 2762 foliis
1725 2714 2097 2780 perichae-

189 2768 493 2822 tialibus
527 2784 665 2840 *toto
732 2775 934 2826 ambitu
983 2799 1078 2831 suo
1138 2782 1502 2850 auriculisque
1566 2787 1769 2851 magnis
1832 2784 2098 2833 undulatis

186 2837 367 2889 bifidis
408 2843 574 2892 acutis
610 2844 1096 2911 inciso-serratis,
1136 2852 1688 2921 amphigastriis
1728 2854 2100 2921 perichae·

187 2909 493 2961 tialibus
533 2913 596 2961 ad
635 2916 866 2966 medium
912 2919 1088 2971 bifidis
1137 2922 1348 2973 laciniis
1395 2924 1709 2974 acuminatis
1749 2924 2096 2975 inciso-ser-

188 2979 348 3040 ratis,
391 2981 634 3047 calyce
674 2985 911 3053 denique
955 2992 1232 3060 longiore,
1293 2992 1609 3061 prismatico
1653 2994 1847 3046 obtuso
1886 3011 2100 3047 mucro-

189 3060 344 3109 nato,
399 3068 577 3120 neque
624 3056 871 3108 obovalo.

327 3157 617 3210 Observ.
657 3165 698 3212 Ι.
788 3167 1344 3235 Jungermannia
1412 3170 1772 3237 spiculata
1828 3175 1891 3222 N.
1938 3176 2002 3223 R.
2042 3187 2096 3224 et

189 3224 270 3276 Bl.
291 3265 303 3286 ‚
345 3228 531 3278 differt
563 3228 710 3280 foliis
744 3238 1068 3287 mucronatis
1085 3274 1097 3295 ‚
1137 3251 1247 3288 tuni
1287 3242 1317 3289 J
1335 3259 1367 3288 u
1385 3259 1416 3288 n
1436 3259 1469 3308 g
1485 3259 1513 3290 e
1530 3260 1556 3291 r
1575 3260 1666 3291 ma
1684 3261 1713 3291 n
1732 3242 1840 3292 nia
1882 3246 1926 3292 T
1948 3261 1976 3292 e
1994 3262 2024 3292 n
2043 3261 2099 3292 e-

189 3315 214 3345 r
235 3297 403 3345 issae
465 3299 628 3349 Web.
674 3302 821 3353 foliis
875 3307 1033 3374 longe
1093 3308 1386 3375 cuspidatis
1448 3312 1699 3362 decurvis
1744 3325 1797 3362 et
1845 3314 2098 3363 auriculis

188 3367 435 3433 oblongis
508 3371 885 3426 crassioribus,
988 3380 1041 3426 ln
1082 3377 1180 3428 hac
1238 3379 1387 3446 cujus
1438 3383 1679 3448 exempla
1722 3384 2101 3434 benevolentia

190 3436 267 3486 Cl.
312 3438 769 3510 Lindenberg
823 3447 1008 3498 videre
1054 3449 1235 3506 licuit,
1298 3450 1681 3517 amphigaslria
1731 3465 1852 3502 sunt
1893 3465 2099 3504 remota

190 3519 242 3554 et
281 3508 548 3557 auriculae
587 3528 743 3561 exser
770 3532 829 3563 ae
880 3516 1099 3568 dimidia
1138 3518 1259 3568 folii
1296 3520 1659 3588 longitudine.
1733 3524 1977 3578 Plantula
2021 3535 2103 3575 est

187 3588 373 3624 tenera
399 3614 411 3636 ,
454 3580 673 3642 pallens.
