2163 3852
206 127 311 184 130
773 116 1078 163 chunnns.
1109 109 1491 165 Vennucmu.

216 272 449 343 gerrima
496 281 596 316 nec
642 264 756 312 basi
805 272 1099 319 attenuata,
1156 258 1314 309 altius
1357 276 1515 327 quam
1552 255 1771 307 dimidia
1806 270 1988 325 parte,
2026 259 2083 309 in

219 341 465 411 pluribus
513 351 679 402 usque
734 332 798 380 ad
856 332 1105 380 ostiolum
1166 329 1417 378 distincte
1464 326 1775 394 papillatum
1822 344 2081 378 verrucae

219 412 372 463 thalli
410 407 626 458 conicae
663 402 749 454 vel
789 419 944 467 supra
991 411 1296 457 excavatae,
1359 399 1529 447 rarius
1578 413 1677 462 pro
1726 408 1877 463 parte
1926 400 2088 448 etiam

218 479 412 534 cortici
444 478 720 530 immersa,
760 473 1018 538 pleraque
1050 470 1254 517 minora
1280 486 1432 535 quam
1479 468 1534 523 in
1582 467 2083 529 Verrucariis,

217 551 428 615 saepius
470 542 820 592 minutissima
868 540 1188 607 singularem
1246 537 1401 604 hujus
1453 535 1721 587 sectionis
1758 537 2090 586 constituunt

401 633 467 663 m.

212 622 512 764 hablttiffilod
549 685 589 733 A
607 699 634 731 c
650 681 684 730 h
701 699 727 728 a
746 698 773 728 r
789 678 805 726 i
820 697 854 727 u
873 697 895 727 s
912 680 962 740 ²⁴²)
1002 675 1251 725 observat
1278 690 1548 725 verrucam
1596 672 1885 723 thallodem
1926 671 2090 740 majo·

214 760 291 809 ris
327 757 528 806 faciens
560 768 712 820 quam
740 747 1027 815 perithccii
1051 744 1429 810 integritatem,
1457 743 1811 809 perithecium
1834 743 2089 792 nimirum

213 831 272 879 in
307 824 576 876 nonnullis
616 823 661 872 V
684 837 794 869 err
817 817 1100 866 ucariae
1135 815 1198 863 ad
1234 814 1446 863 modum
1486 813 1671 862 subtus
1712 810 1947 863 deficere
1995 813 2081 863 vel

212 896 578 949 tenuissimum
613 906 762 947 esse,
806 888 859 936 in
880 886 1165 951 speciebus
1197 902 1324 951 quas
1357 883 1466 933 vidi
1506 884 1589 930 vix
1618 883 1836 946 inveni3
1903 899 2085 931 exem-

213 968 305 1035 p‘la
336 967 456 1014 bina
491 962 552 1010 ab
593 963 824 1009 Auctore
860 957 1013 1005 citata
1046 955 1363 1003 sententiam
1397 952 1626 1020 probare
1667 969 1773 1000 non
1816 951 2087 1002 videntur:

212 1041 298 1101 Py
316 1053 385 1084 re
404 1033 558 1081 nula
611 1027 939 1087 discolor**)
1006 1025 1147 1072 enim
1203 1023 1269 1073 ob
1319 1039 1595 1072 verrucam
1648 1021 1973 1072 discolorem
2024 1022 2090 1071 ad

210 1111 351 1169 Try
374 1099 693 1170 pethelii
745 1095 1039 1161 sectionem
1091 1092 1694 1159 Ophthalmidium
1718 1127 1731 1151 ‚
1781 1091 2087 1159 perithecio

210 1175 486 1226 dimidiato
529 1171 836 1219 instructam
889 1162 1208 1222 1·‹·ferenda;
1263 1161 1458 1220 altera,
1512 1163 1570 1209 P.
1625 1180 1654 1208 u
1673 1180 1720 1210 m
1739 1161 1772 1210 b
1789 1172 1986 1212 onata
2026 1160 2092 1210 ad

211 1248 420 1296 iconem
462 1258 618 1309 quam
661 1239 778 1303 ipsc
832 1234 1094 1294 dedit***)
1148 1231 1450 1297 perithecio
1508 1231 1763 1280 instructa
1807 1242 1893 1281 est
1934 1230 2085 1296 cujus

207 1315 350 1366 basis
389 1312 601 1381 quidem
647 1326 751 1356 non
783 1305 920 1354 sicut
955 1320 1075 1369 pars
1113 1301 1360 1367 super-ior
1399 1301 1687 1349 incrassata
1732 1312 1844 1360 est,
1908 1316 2085 1369 neque

206 1402 335 1436 vero
356 1421 369 1444 ‚
411 1383 454 1431 si
486 1397 602 1429 cum
633 1375 875 1444 partibus
905 1372 1212 1423 lateraiibus
1248 1387 1524 1436 compares
1545 1407 1557 1429 ‚
1596 1371 1817 1420 multum
1846 1382 2083 1420 attenua-

205 1467 294 1518 ta;
327 1462 607 1521 praeterea
639 1447 706 1497 ob
756 1460 1033 1492 verrucam
1075 1441 1448 1490 rubescentem
1485 1441 1666 1489 so-rsan
1718 1457 1891 1509 aeq-uo
1925 1441 2085 1491 modo

202 1527 271 1575 ad
346 1520 581 1588 Ophth
603 1514 959 1566 almidium
1024 1511 1307 1561 referenda
1360 1521 1470 1572 est3
1533 1513 1592 1559 P.
1646 1510 2077 1561 haematom-

200 1614 292 1644 ma
313 1612 364 1642 m
381 1592 515 1654 ****)
555 1598 737 1656 postea
777 1585 832 1633 in
878 1581 1107 1649 Synopsi
1154 1581 1219 1630 ad
1264 1584 1308 1630 'l'
1325 1579 1357 1628 h
1374 1581 1487 1630 elo
1506 1591 1527 1629 t
1544 1580 1578 1629 h
1594 1597 1662 1631 re
1679 1599 1730 1629 m
1747 1599 1776 1631 a
1816 1580 2084 1630 transtulit

197 1667 418 1716 Auctor.

341 1736 404 1780 ln
435 1728 678 1795 pluribus
711 1722 991 1790 speciebus
1023 1737 1278 1771 verrucae
1311 1717 1574 1768 thallodes
1634 1717 1960 1770 confluentes
1996 1719 2088 1769 ha-

201 1805 369 1855 bitum
414 1800 637 1849 induunt
684 1799 727 1843 T
749 1814 776 1842 r
797 1811 825 1858 y
845 1811 876 1858 p
893 1811 919 1840 e
936 1793 1001 1840 th
1021 1793 1083 1840 el
1109 1791 1162 1838 ii
1201 1789 1414 1856 generis
1434 1824 1446 1848 ,
1506 1788 1715 1838 easdem
1758 1807 1890 1841 vero
1929 1789 2087 1856 hujus

196 1875 304 1924 loci
361 1888 509 1926 esse,
581 1884 608 1915 e
656 1863 959 1930 Pyrenul
980 1879 1046 1910 ae
1108 1860 1326 1909 choro
1352 1860 1363 1906 Ι
1385 1875 1458 1907 eu
1480 1874 1594 1908 cae
1648 1871 1863 1910 nostrae
1908 1860 2082 1910 forma

196 1941 408 2009 duplici
452 1936 690 1991 verrucis
729 1931 1062 1998 simplicibus
1122 1929 1544 1996 compositisque
1607 1928 1894 1996 probatur3
1955 1931 2081 1982 hinc

196 2015 356 2066 etiam
384 2004 918 2075 Trypethelium
956 2018 1297 2067 porosum.
1372 1998 1513 2046 Acsz.
1560 2007 1608 2047 et
1662 1996 1754 2050 Fr.
1815 1998 2079 2069 Phlyc-

199 2094 266 2134 ta
286 2101 362 2132 en
385 2099 417 2127 a
480 2075 597 2126 Fe'e.
657 2073 693 2124 l.
749 2091 794 2124 e.
841 2090 898 2139 p.
957 2073 1039 2122 68.
1092 2069 1202 2120 tab.
1272 2087 1350 2137 ¹9·
1426 2066 1546 2136 Fig.
1609 2068 1661 2119 3.
1748 2071 2087 2125 verrucariis

192 2152 573 2219 subjungimus-

262 2244 285 2271 *
321 2238 547 2308 Apoth
571 2233 883 2283 eciorum
954 2227 1294 2280 verrucis
1362 2245 1389 2276 a
1473 2227 1813 2293 perithec
1837 2229 1853 2276 i
1877 2247 1908 2280 o
1967 2233 2080 2280 vel

401 2305 677 2376 papiila
761 2302 1204 2368 prominente
1260 2297 1651 2358 obturatis,
1734 2298 2077 2368 immargi-

401 2398 435 2429 n
454 2397 480 2427 a
498 2390 516 2428 t
533 2395 549 2425 1
571 2396 611 2426 s.

625 2515 694 2554 12.
736 2513 1227 2553 VERRUCARIA
1270 2513 1562 2549 VITREA.
1622 2504 1648 2554 †

333 2610 397 2659 V.
453 2618 623 2657 crusta
668 2604 832 2653 vitrea
870 2601 1041 2649 albida
1088 2611 1141 2648 et
1167 2599 1854 2663 cinereo-purpurascente‚
1896 2617 2080 2649 verru-

118 2687 120 2694 ’
195 2683 273 2734 cis
325 2677 557 2744 copiosis
595 2691 752 2738 supra
782 2670 1109 2720 tenuissimis
1141 2668 1366 2733 hyalinis
1412 2668 1537 2716 hinc
1565 2670 1939 2734 caesio-nigris
1987 2689 2076 2736 pa-

195 2751 326 2819 pina
369 2745 691 2813 perforatis,
738 2740 1032 2807 apotheciis
1079 2737 1528 2806 depressiusculis
1573 2755 1691 2787 cum
1738 2756 1957 2791 verruca
1985 2740 2076 2790 de-

198 2820 387 2872 ciduis.

334 2886 550 2936 Thallus
581 2895 911 2937 mustaceus,
962 2879 1168 2937 tenuis,
1222 2876 1456 2936 effusum,
1498 2876 1566 2926 ob
1612 2877 1958 2927 substantiam
1997 2879 2074 2928 vi-

198 2975 366 3012 tream
408 2956 746 3020 subhyalinus
790 2961 843 3000 et
883 2947 1286 3007 nitidiusculus‚
1345 2947 1470 2995 hinc
1513 2947 1604 2995 ubi
1636 2947 1917 3014 apothecia
1943 2946 2074 2998 den-

200 3034 339 3081 siora
377 3037 669 3092 erumpunt,
710 3019 1307 3085 caesio-cinerascens²
1348 3028 1629 3082 praeterea
1652 3017 1776 3066 hinc
1813 3019 1937 3067 inde
1981 3035 2073 3067 zo-

199 3104 282 3151 nis
311 3097 561 3148 sscxuosis
590 3089 1102 3161 purpurascentibus
1137 3105 1201 3137 ex
1238 3087 1536 3153 apotheciis
1576 3087 1806 3135 minimis
1843 3087 2070 3151 (aborti-

201 3172 308 3234 vis)
347 3168 502 3235 nigro
530 3162 850 3232 punctulatis
887 3164 1047 3227 (quae
1078 3159 1290 3225 vix—pro
1320 3156 1648 3224 marginibus
1686 3157 1826 3206 intra
1860 3157 2069 3209 diversa

282 3309 332 3362 ⁴¹¹)
365 3309 585 3363 Monogr.
614 3305 661 3345 in
684 3301 810 3343 Berl.
837 3301 963 3354 Mag.
996 3296 1029 3338 l.
1062 3311 1102 3339 c.
1134 3312 1183 3354 p.
1217 3302 1260 3343 7.

238 3366 338 3474 :113
365 3363 406 3465 1¹:
428 3377 477 3461 00.-
497 3377 546 3474 p.
582 3357 777 3466 321520..
985 3358 1059 3453 z..

201 3480 303 3504 “⁸⁶
324 3475 646 3530 b'Lichenogr.
679 3469 808 3512 univ.
841 3483 887 3524 p.
921 3467 992 3512 06.
1026 3461 1123 3507 tab.
1155 3467 1194 3508 5.
1228 3462 1304 3520 fig.
1336 3464 1378 3515 4.
