2163 3852
852 148 1151 198 [mmmmm.
1876 171 1943 222 55

14 300 15 306 ’
62 310 248 374 quum
284 294 641 353 nutritionis
684 315 912 372 organa
947 296 1010 354 in
1043 298 1136 355 his
1150 342 1167 368 ,
1234 317 1300 360 ut
1342 304 1829 372 fructificationis
1879 317 1942 374 in

58 377 258 454 fungis
293 375 640 455 praevalere
669 376 968 435 videntur.

214 460 286 514 In
316 456 683 515 Liehenibus
714 472 1030 536 praeterea
1073 465 1413 524 accuratius
1458 469 1938 554 circumscriptis

55 539 255 596 minus
302 560 484 618 quam
541 539 604 594 in
657 538 792 596 aliis
861 540 1250 601 cellularibus
1304 544 1447 605 huie
1493 550 1743 612 obstant
1785 557 1938 616 divi-

7 640 14 653 *
52 620 216 678 sioni
258 619 489 679 formae
548 618 868 680 inferiores
929 623 1423 704 simplicissimae
1476 631 1934 710 pulverulentae

49 701 143 761 vel
191 721 515 775 mucosae3
594 700 890 761 coincidit
933 705 1077 762 hinc
1124 707 1337 764 eadem
1374 710 1595 773 divisio
1641 738 1779 774 eum
1829 720 1935 778 illa

48 784 112 840 in
153 798 504 842 crustaeeos
542 796 602 839 et
630 781 994 856 frondosos,
1041 786 1123 844 ita
1154 803 1220 846 ut
1249 789 1312 845 in
1345 791 1560 851 formis
1593 795 1807 855 horum
1840 801 1932 859 in-

48 864 360 925 termediis
409 863 630 944 duplex
679 886 924 945 quoque
982 868 1169 926 citata
1220 885 1521 931 structura
1577 875 1932 940 observetur

48 947 395 1026 conjuncta.
482 950 711 1007 Verum
749 962 953 1006 tamen
991 950 1054 1006 in
1101 950 1415 1011 frondosis
1463 957 1752 1035 perfectis
1800 984 1927 1020 non

47 1028 214 1086 aliud
253 1043 446 1086 strato
485 1027 765 1086 corticali
799 1029 1072 1109 subjacet
1111 1047 1365 1091 stratum
1395 1036 1748 1098 distinctum
1773 1044 1927 1101 vesi-

46 1109 351 1179 culosum,
421 1108 495 1166 de
541 1131 664 1188 quo
707 1131 882 1188 egere
925 1113 1331 1189 recentiores5
1409 1118 1687 1178 videntur
1718 1124 1925 1203 potius

45 1192 236 1270 ipsius
275 1190 451 1250 strati
486 1192 795 1250 eortiealis
841 1193 1095 1252 cellulae
1139 1217 1172 1253 e
1205 1196 1374 1266 fibris
1418 1202 1590 1258 strati
1635 1205 1925 1264 medulla-

39 1274 125 1331 ris
162 1273 373 1331 intime
412 1274 712 1331 contextis
754 1275 1310 1358 conglutinatisque
1347 1294 1546 1338 ortum
1576 1283 1797 1341 ducere
1835 1283 1919 1364 ³“‘),

41 1357 211 1437 eujus
250 1353 446 1412 simile
475 1354 755 1413 viderunt
792 1355 855 1412 in
890 1355 1047 1414 fucis
1094 1359 1205 1415 cel.
1241 1359 1600 1431 Linltius,
1663 1365 1726 1421 in
1761 1389 1920 1425 mus-

40 1438 127 1495 cis
173 1436 850 1505 HornschuehiuS,
916 1438 980 1493 in
1024 1439 1252 1518 plantis
1301 1441 1775 1519 perfectioribus
1824 1446 1918 1528 (in

38 1518 370 1586 nonnullis,
405 1517 470 1573 ni
502 1516 705 1587 fallor,
740 1515 904 1587 vere)
951 1520 1641 1583 Moldenhawerus.

54 1606 57 1608 ’
205 1599 476 1658 Stratum
528 1598 815 1656 nimirum
871 1601 1165 1659 eortieale
1221 1603 1284 1660 in
1338 1605 1565 1683 pagina
1617 1608 1789 1667 thalli
1826 1609 1916 1668 lu-

36 1703 168 1741 cem
203 1695 520 1762 spectante
562 1681 763 1761 prima
800 1682 1107 1761 juventute
1151 1699 1217 1742 ut
1259 1684 1589 1764 plurimum
1614 1689 1914 1749 intensius

31 1764 230 1822 virens
249 1805 266 1833 ,
314 1762 457 1820 dein
493 1765 605 1820 sub
633 1763 792 1820 aeris
815 1763 1094 1844 lucisque
1126 1765 1369 1837 influxu,
1400 1783 1466 1826 ut
1496 1792 1706 1829 omnes
1738 1772 1913 1852 plan-

27 1861 225 1904 tarum
259 1860 463 1925 partes
494 1844 717 1902 virides
764 1845 827 1902 in
855 1844 1227 1906 efformanda
1253 1850 1656 1928 epidermide,
1700 1854 1778 1912 ad
1812 1876 1910 1912 su-

29 1928 339 2009 perficiem
373 1926 689 2006 hyalinum
731 1928 931 1985 evadit
986 1929 1080 1987 vel
1126 1931 1399 1988 colorem
1453 1933 1651 1992 induit
1714 1935 1909 1995 diver-

30 2032 193 2080 sum,
246 2024 313 2069 ut
358 2009 531 2067 color
565 2009 776 2069 viridis
817 2009 881 2067 in
921 2026 1094 2090 parte
1131 2027 1367 2070 tantum
1398 2013 1690 2074 inferiore
1730 2020 1905 2076 strati

27 2106 337 2155 remaneat
371 2090 675 2171 plagulam
713 2091 1131 2150 tenuissimam
1167 2117 1476 2175 occupans
1499 2096 1597 2173 W)
1643 2099 1736 2157 vel
1775 2121 1905 2157 om-

29 2175 178 2231 nino
229 2187 550 2250 evanescat
561 2194 580 2246 5
675 2173 764 2231 sic
823 2173 1006 2230 etiam
1066 2178 1487 2256 Leprariae
1555 2179 1906 2262 similesque

26 2255 201 2314 thalli
233 2254 458 2311 virides
493 2253 570 2310 ad
594 2253 975 2333 superficiem
1000 2257 1358 2335 pallescunt.
1407 2261 1600 2338 Magis
1629 2262 1902 2322 minusve

25 2339 264 2395 intense
296 2335 471 2393 color
500 2336 786 2393 adhaeret
815 2337 1047 2395 cellulis
1078 2341 1253 2397 strati
1288 2341 1599 2398 corticalis
1626 2364 1661 2399 a
1698 2344 1903 2406 chlo-

26 2417 401 2499 rophyllo
452 2416 797 2496 plantarum
842 2420 1280 2496 perfectiorum
1328 2421 1604 2500 chymiee
1643 2447 1770 2482 non
1811 2425 1901 2483 di-

22 2521 261 2568 versus,
300 2499 575 2580 priorum
605 2499 669 2555 in
703 2502 974 2557 sectione
1006 2523 1136 2562 non
1165 2503 1314 2561 satis
1350 2507 1516 2562 tenui
1553 2504 1755 2563 lumen
1792 2506 1900 2564 ob-

21 2602 274 2640 scurans
318 2579 705 2660 speciemque
742 2581 1044 2661 praebens
1085 2583 1500 2662 globulorum3
1568 2586 1717 2644 alias
1763 2609 1900 2666 gra-

19 2664 162 2721 nula
200 2661 632 2732 minutissima,
679 2663 870 2720 rarius
912 2666 1146 2745 majora
1186 2666 1458 2747 perfecte
1493 2667 1894 2747 sphaeroidea

20 2746 240 2803 sistens
281 2745 346 2802 in
376 2745 703 2817 acervulos
746 2746 1141 2824 conglobata,
1213 2748 1464 2806 eosdem
1499 2750 1691 2808 rarius
1734 2751 1893 2809 intra

18 2841 273 2885 stratum
310 2825 601 2884 cortieale
636 2826 849 2902 ordine
893 2828 1161 2908 quodam
1203 2830 1490 2899 seriatOS,
1535 2831 1894 2913 plerumque

17 2930 160 2969 vero
189 2910 349 2966 intra
379 2906 781 2966 substantiam
805 2911 980 2968 strati
1009 2910 1318 2969 eortiealis
1348 2911 1659 2990 hyalinam
1689 2915 1891 2971 simul-

20 3012 138 3071 que
170 2991 332 3048 intra
367 2990 541 3048 strati
567 2990 916 3049 medullaris
942 3007 1177 3072 partem
1207 2993 1401 3073 priori
1430 2996 1767 3073 proximam
1795 2996 1889 3053 vel

17 3072 177 3130 intra
205 3073 363 3130 hane
400 3071 782 3131 solummodo
812 3073 1207 3132 inordinatim
1239 3090 1565 3154 congestos
1596 3077 1886 3158 fibrisque

41 3306 86 3359 ³¹²)
116 3306 246 3348 Ieon.
264 3306 348 3349 sel.
368 3307 534 3363 Crypt.
550 3307 648 3350 tab.
668 3312 734 3359 lli.
760 3308 832 3364 fig.
853 3315 874 3353 l
893 3318 939 3352 et
960 3315 1001 3354 2-
1037 3310 1152 3354 Cum
1169 3311 1288 3352 hanc
1306 3317 1592 3353 structuram
1615 3308 1749 3368 prius
1771 3324 1885 3352 non-

122 3361 214 3404 nisi
241 3361 291 3404 in
316 3370 465 3405 strato
499 3364 717 3406 corticali
748 3364 808 3406 ad
841 3365 1061 3423 paginam
1095 3365 1373 3409 inferiorem
1400 3366 1608 3423 plurium
1647 3365 1882 3408 lichenum

123 3416 439 3460 foliaceorum
474 3418 826 3467 observassem,
888 3422 1022 3476 cujus
1056 3421 1119 3463 ob
1153 3422 1384 3465 laxiorem
1419 3430 1688 3464 contextum
1724 3419 1879 3464 defee-

120 3481 316 3532 tumque
345 3474 524 3516 coloris
554 3474 743 3519 facilius
774 3477 1028 3536 conspicua
1057 3485 1151 3529 est,
1197 3477 1542 3521 Parmeliaceas
1570 3478 1779 3535 aliasque
1809 3489 1881 3518 su-

13 3583 91 3639 Η)
117 3542 271 3629 perne
300 3538 484 3628 tzintlum
507 3532 759 3578 cortic-atas
785 3531 1023 3585 dixeram,
1056 3531 1184 3592 quod
1211 3532 1410 3594 amplius
1438 3548 1532 3577 non
1557 3532 1823 3576 defendam.

141 3599 247 3628 eon.
278 3598 326 3629 se
351 3616 362 3628 .
418 3616 427 3626 .
463 3601 503 3628 e.
