2163 3852
161 148 232 214 94
733 154 1041 207 hiemans-
1099 153 1492 208 [amoenamu-

306 305 600 376 Graphidis
634 314 691 357 et
716 305 1012 358 Arthoniae
1032 341 1048 368 ‚
1085 303 1294 355 Achar.
1335 313 1388 354 et
1422 301 1527 354 Fe'e
1552 319 1698 372 spec.

299 394 797 466 Leucogrammatis
831 391 1041 464 Meyer
1069 406 1124 445 et
1152 393 1559 462 Platygramatis
1586 389 1754 460 ejusd.
1781 387 1864 457 (Ρ)
1899 407 2046 461 spec.

327 489 380 545 A
396 508 436 567 p
456 509 491 545 o
510 501 534 544 t
548 486 589 542 h
603 507 635 543 e
650 506 683 543 c
697 485 840 542 ium
904 485 1172 563 oblongo
1206 519 1230 530 -
1258 483 1484 541 lineare
1501 524 1519 553 ,
1589 482 2010 541 subramosum
2022 522 2042 552 ,

158 569 499 652 perithccio
522 567 759 625 laterali
790 567 976 647 plano
995 608 1012 636 ,
1059 566 1195 624 basi
1231 564 1580 635 deficiente,
1627 565 1801 624 disco
1827 563 2046 645 plano-

158 650 566 712 canaliculato
583 691 601 721 ,
643 649 881 730 juniore
908 649 1048 707 albo
1070 683 1092 694 -
1109 647 1327 707 velato.

296 750 540 802 Adnot.
614 748 915 816 Apothecia
958 747 1316 797 communiter
1357 743 1879 811 lineari-elongata,
1917 743 2046 794 sim-

155 821 322 891 plicia
367 821 450 871 vel
500 819 824 886 simpliciter
859 819 1144 868 ramulosa.
1235 814 1605 866 Peritheeium
1647 826 1807 864 tenue
1855 825 2041 863 exacte

153 891 407 954 laterale‚
445 891 690 957 planum,
731 907 760 938 a
789 887 953 938 thallo
984 887 1287 946 obtectum,
1327 902 1428 936 nec
1470 884 1618 933 illum
1654 885 1927 935 discumve
1952 901 2040 933 su-

152 981 379 1031 perans,
419 961 473 1008 in
507 960 751 1009 sectione
778 957 1022 1008 verticali
1056 976 1086 1007 e
1119 957 1249 1007 stria
1285 957 1435 1022 nigra
1466 966 1615 1004 recta
1657 955 1912 1022 utrinque
1939 972 2041 1004 nu-

151 1034 327 1086 cleum
355 1031 666 1097 depressum
688 1064 701 1089 ,
741 1028 959 1094 (supra,
996 1028 1313 1095 plerumque
1346 1027 1509 1077 etiam
1543 1024 1683 1089 basi)
1723 1025 2038 1092 angulosum

149 1119 252 1155 nec
288 1100 637 1168 cylindricum
660 1098 990 1164 marginante
1017 1098 1448 1165 cognoscendum
1467 1132 1480 1155 ‚
1518 1094 1576 1143 in
1600 1094 1903 1161 junioribus
1923 1094 2039 1160 ple-

149 1189 378 1241 rumque
435 1186 643 1219 sursum
699 1183 1063 1233 convergens‚
1120 1167 1177 1215 in
1218 1166 1409 1215 adultis
1454 1165 1756 1233 divergens.
1843 1164 2040 1217 Velum

147 1243 286 1295 disci
333 1238 675 1308 superficiem
719 1238 776 1287 in
811 1237 982 1305 prima
1025 1236 1300 1303 juventute
1348 1233 1611 1301 obtegens
1644 1252 1673 1284 e
1711 1233 1862 1283 thalli
1905 1233 2034 1283 sub-

147 1314 342 1367 stantia
374 1309 680 1368 medullari,
721 1309 776 1373 (a
808 1307 928 1358 velo
967 1309 1023 1357 in
1066 1305 1364 1373 apotheciis
1418 1303 1846 1372 Peltigerae
1894 1321 2031 1353 non-

145 1384 255 1436 nisi
294 1401 323 1434 e
364 1381 516 1431 thalli
553 1380 722 1446 ipsius
765 1389 953 1427 natura
989 1377 1288 1439 diversum)
1317 1373 1881 1425 submembranaceum
1910 1373 2032 1441 pul-

144 1455 485 1508 verulentum
516 1450 612 1501 tub
649 1467 783 1518 aqua
810 1448 1063 1508 solvitur,
1119 1447 1227 1496 nisi
1269 1444 1614 1513 apothecium
1646 1444 1946 1494 abortivum
1981 1454 2037 1494 et

148 1525 336 1577 sterile
377 1523 462 1572 sit.
535 1521 733 1572 Discus
767 1519 824 1567 in
861 1518 1034 1567 adulta
1074 1518 1252 1583 planta
1304 1527 1610 1566 constanter
1651 1525 1767 1563 ater
1810 1513 2033 1576 (Leio-

143 1612 441 1665 gramma
478 1591 876 1657 virgineum
913 1599 1155 1638 nostrum
1198 1587 1300 1636 hoc
1335 1596 1591 1650 respectu
1639 1584 1859 1633 dubium
1902 1585 2029 1647 est),

142 1666 316 1718 nudus
346 1679 448 1713 nec
479 1659 999 1726 albido-pruinosus
1034 1674 1135 1707 nec
1176 1656 1380 1705 nitidus
1417 1668 1595 1705 notam
1637 1654 2027 1722 diagnosticam

142 1735 459 1793 constituit,
533 1732 580 1782 si
635 1746 756 1780 cum
805 1729 1260 1796 Diorygmate
1311 1737 1366 1776 et
1418 1725 1686 1775 Ustalia
1734 1741 2025 1791 comparaS.

142 1805 445 1876 Speciebus
491 1800 804 1870 plerisque,
863 1798 1054 1867 quibus
1111 1797 1300 1845 thallus
1352 1795 1621 1845 coloratus
1671 1805 1785 1854 est,
1842 1810 2028 1862 margo

140 1875 551 1946 apotheciorum
598 1869 859 1920 thallodes
894 1868 1043 1937 quasi
1084 1884 1114 1917 e
1149 1865 1470 1916 rudimentis
1506 1864 1902 1914 membranulae
1933 1864 2030 1930 hy-

139 1947 388 2000 meninae
428 1942 708 1999 residuus,
749 1956 868 1988 cum
905 1938 1196 1988 substantia
1223 1934 1503 1986 medullari
1534 1934 1682 1984 albus
1715 1945 1816 1985 est.
1887 1937 2030 1985 Ana-

139 2019 340 2087 logiam
373 2012 630 2065 sectionis
665 2028 786 2061 cum
821 2025 1023 2078 genere
1065 2006 1605 2058 Thelotremate
1643 2004 1749 2056 alio
1788 2006 1911 2057 loco
1947 2004 2028 2055 in-

139 2088 453 2141 dicavimus.

278 2174 455 2241 Hujus
495 2170 603 2222 loci
632 2179 850 2237 praeter
879 2165 1258 2218 describendas
1289 2164 1583 2233 pluresque
1614 2180 1808 2215 novas:
1851 2162 2028 2230 Ope-

139 2246 396 2317 grapha
445 2239 883 2297 demit-stica,
936 2235 1103 2305 Engl.
1149 2235 1257 2287 bot.
1303 2234 1411 2284 tab.
1460 2233 1635 2299 1756„
1686 2235 1834 2300 cujus
1878 2233 2026 2301 peri-

137 2319 375 2369 thecium
401 2312 619 2363 laterale
653 2310 709 2359 in
751 2309 910 2359 icone
946 2307 1307 2357 desideratum
1338 2305 1406 2355 ob
1444 2305 1777 2370 juventutem
1810 2303 2024 2372 plantae

140 2389 318 2439 minus
347 2383 696 2450 conspicuum
724 2379 893 2429 fuisse
922 2379 1168 2441 visletur3
1208 2389 1520 2444 praeterea,
1557 2374 1615 2423 ni
1637 2374 1830 2436 fallor,
1868 2377 2026 2426 Gra-

136 2458 298 2528 phis
337 2455 602 2514 inusta,
642 2448 783 2498 Ach.
815 2446 951 2518 Syn.
977 2467 1031 2512 ρ.
1059 2449 1177 2508 85.,
1217 2451 1321 2499 Gr.
1361 2446 1665 2514 planata,
1702 2443 1869 2507 ejusd.
1898 2442 1935 2493 l.
1970 2461 2019 2494 c.

131 2547 189 2598 p.
225 2527 345 2587 86„
395 2540 495 2574 nec
548 2520 851 2587 Graphis
903 2518 1170 2569 Afzelii
1223 2516 1379 2568 Ach.
1431 2515 1496 2565 ab
1531 2515 1648 2564 aliis
1689 2515 1793 2565 huc
1833 2515 2021 2577 relata,

140 2598 234 2658 (de
260 2614 361 2665 qua
393 2595 492 2644 cfr.
525 2609 682 2657 supra
716 2591 964 2640 adnotata
999 2607 1050 2654 p.
1092 2589 1239 2651 80-);
1277 2587 1402 2637 dein
1428 2585 1546 2635 fere
1577 2602 1764 2635 omnes
1805 2586 2020 2653 species

135 2664 307 2720 Feei
344 2664 440 2715 sub
494 2661 758 2713 divisione
813 2659 1240 2724 Graphidis:
1292 2661 1331 2707 Ι.
1390 2654 1659 2705 lirellis
1699 2656 1907 2706 atris:
1946 2658 2011 2706 A.

136 2734 573 2804 marginibus
610 2729 944 2785 remotis.
997 2732 1049 2792 a)
1088 2728 1286 2777 disco
1332 2725 1624 2793 pulvere
1661 2726 2014 2792 pruinoso

135 2817 360 2864 tecto,
412 2803 472 2864 h)
529 2802 726 2851 disco
786 2798 1001 2858 nud0‚
1066 2810 1247 2860 atr03
1299 2797 1404 2846 nisi
1448 2814 1551 2845 una
1602 2795 1689 2846 vel
1741 2795 1904 2846 altera
1949 2793 2016 2845 ad

139 2878 388 2930 Sclero
409 2873 662 2942 phyton
699 2880 942 2920 nostrum
967 2869 1268 2936 pertineat3
1305 2883 1406 2918 nec
1434 2884 1541 2918 non
1570 2867 1679 2919 Gr.
1717 2864 2015 2929 furcata,

136 2944 249 2999 Fe'e
281 2944 318 2995 l.
345 2962 392 2995 c.
420 2962 476 3011 ρ.
508 2953 595 3005 4ο.
628 2939 738 2990 tab.
769 2933 947 3008 spfig·
980 2947 1032 3001 4.

498 3137 540 3177 1.
584 3137 1093 3178 nmoonnum
1136 3136 1574 3175 ANGUSTUM.
1621 3126 1654 3179 ·1·

274 3261 337 3310 L.
403 3267 579 3308 crusta
639 3250 1315 3316 membranaceo-leprosa
1361 3250 1565 3313 albida,
1615 3248 1912 3318 apotheciis
1947 3250 2014 3299 li-

132 3330 386 3382 nearibus
419 3327 636 3376 minutis
665 3321 1228 3376 flexuoso-ramulosis
1252 3321 1512 3373 consertis
1533 3357 1548 3384 ‚
1586 3320 1734 3371 disco
1764 3331 2011 3387 angusto,

132 3400 375 3469 margine
413 3397 581 3447 tenui.

273 3487 492 3539 Thallus
541 3495 881 3542 crustaceus,
917 3480 1125 3540 tenuis,
1195 3479 1520 3548 aequabilis,
1573 3476 2014 3529 albido-cinera-

134 3575 319 3623 scens,
359 3557 456 3610 sub
495 3574 629 3627 aqua
666 3555 823 3624 paulo
857 3552 1182 3614 rubescens,
1220 3548 1698 3620 nigro-limitatus.
1770 3547 2010 3617 Apothe-
