2163 3852
173 135 244 189 96
592 115 602 133 ”
735 128 1048 180 Lucanum.
1110 115 1499 181 [amonitus.
1558 178 1563 180 .

174 280 301 332 loco
334 277 494 332 natali
541 275 919 348 inquirendum
955 289 1067 340 est,
1119 295 1184 328 an
1239 277 1432 328 matrix
1484 275 1745 330 denudata
1791 274 1862 330 sit
1898 291 2055 329 causa

176 349 522 404 differentiae
564 359 620 401 et
653 348 864 398 cuinam
900 359 1085 400 nostra
1119 346 1415 399 addicenda
1450 347 1673 416 speciei.

549 506 593 548 5·
633 513 1136 552 nmoanmuA
1180 511 1606 551 Umnnnvum.
1655 502 1686 556 i·

314 622 377 670 L.
430 629 605 670 crusta
655 619 1121 669 osteo-laminosa
1168 617 1512 668 nitidiuscula
1558 614 2060 683 pallido-cinereo-

182 689 461 748 umbrina,
513 689 812 754 apotheciis
848 688 1173 746 linearibus,
1223 686 1388 737 bifide
1417 699 1466 737 et
1496 686 1851 737 substellatim
1885 703 2061 737 ramo·

183 762 287 824 sis,
327 760 521 809 nucleo
550 760 697 809 tenui
731 760 988 828 discoque
1023 758 1345 817 latiusculis,
1383 758 1622 824 margine
1652 755 1849 806 albido.

319 849 537 896 'l'ballus
587 859 920 908 mustaceus,
995 846 1351 915 quantumvis*
1392 847 1569 895 tenuis
1617 865 1644 895 a
1697 843 2059 911 Graphide

179 917 378 969 confini
418 919 577 983 longe
615 919 883 975 diversus,
923 918 1084 966 durus
1120 928 1293 965 tamen
1330 927 1383 965 et
1418 916 1707 983 laevigatus
1735 952 1746 974 ,
1787 914 1903 964 scre
1934 932 2062 982 qua-

179 989 250 1040 lis
288 990 339 1037 in
381 988 674 1036 corticibus
713 987 1215 1051 sempervirentium
1255 986 1511 1036 obvenire
1567 988 1702 1034 solet
1740 985 1864 1047 (cfr.
1901 1002 2063 1051 supra

184 1061 394 1110 observ.
429 1075 479 1122 p.
513 1057 619 1113 63.)
644 1094 656 1115 ‚
715 1057 769 1104 in
815 1055 1045 1106 confinio
1093 1057 1475 1105 determinatus
1519 1073 1618 1105 nec
1654 1055 2056 1123 nigro-limita·

176 1141 280 1180 tuS.
355 1126 650 1192 Apothecia
688 1125 794 1175 illis
839 1127 1275 1192 praecedentium
1314 1125 1615 1191 specierum
1655 1126 1874 1183 latiora,
1929 1141 2063 1174 non-

180 1215 448 1266 nunquam
485 1197 839 1257 rectiuscula,
893 1196 1092 1245 furcata
1135 1196 1215 1245 vel
1255 1195 1472 1244 ramulis
1511 1195 1680 1244 ternis
1719 1195 1992 1263 quaternis
2030 1210 2062 1243 e

178 1281 367 1321 centro
406 1266 840 1334 dives-gentibus,
882 1265 1124 1332 apicibus
1163 1264 1453 1331 cuspidatis
1492 1276 1546 1314 et
1583 1265 1900 1314 rotundatis.
1956 1266 2063 1313 Pe-

175 1339 465 1390 rithecium
497 1336 714 1386 laterale
752 1338 806 1384 in
845 1336 1046 1385 nostris
1084 1335 1275 1384 adultis
1316 1352 1520 1383 sursum
1560 1335 1846 1385 dilatatum.
1919 1335 2063 1383 The·

179 1427 274 1461 cae
306 1424 542 1475 magnae,
577 1406 1194 1474 oblongo-cylindricae
1215 1443 1227 1465 ‚
1271 1405 1644 1471 angustissime
1659 1406 1775 1455 sere
1806 1403 2060 1473 trigesies

180 1479 458 1532 annulatae
485 1514 497 1538 ,
540 1477 769 1525 annullis
804 1477 1161 1526 minutissime
1199 1476 1491 1525 cellulosis.

327 1565 524 1616 Crescit
556 1563 628 1612 ad
653 1564 904 1615 corticem
933 1563 1188 1614 arborum
1216 1580 1386 1632 prope
1401 1561 1654 1626 Ia'alaeiam,
1686 1556 1901 1626 confine
1930 1557 2064 1610 Gra—

179 1635 332 1700 plzidi
368 1635 694 1704 duplicatae.

629 1801 672 1851 Ζι-
714 1809 1216 1848 LE1oonAn1n1A
1257 1808 1547 1844 LYELLI.
1596 1800 1627 1852 †

304 1926 364 1975 L.
391 1935 565 1976 crusta
589 1936 762 1974 cerata
783 1924 1120 1974 nitidiuscula
1142 1921 1337 1988 pallide
1364 1921 1620 1981 olivacea,
1654 1918 1952 1989 apotheciis
1974 1918 2070 1970 ob-

181 1994 667 2065 longo-linearibus
687 1995 1118 2061 subsimplicibus
1141 1994 1372 2043 curvatis
1414 1993 1637 2059 turgidis
1676 1993 1730 2040 in
1769 1989 1874 2040 fine
1913 1989 2068 2040 obtu-

183 2067 285 2128 sis,
327 2065 476 2115 disco
515 2066 738 2125 latiore,
795 2066 1034 2133 margine
1084 2063 1603 2114 calloso-tumidulo
1653 2062 1833 2112 albido
1879 2060 2068 2128 pulve-

185 2137 420 2189 rulento.

321 2223 649 2292 Opegrapha
685 2221 891 2288 Lyelli‚
931 2219 1095 2290 Engl.
1137 2219 1243 2270 bot.
1293 2217 1409 2273 Vol.
1445 2236 1528 2287 27.
1568 2218 1676 2269 tab.
1724 2216 1875 2285 1876.

324 2312 559 2379 Graphis
599 2311 795 2378 Lyelli‚
834 2309 974 2359 Ach.
1007 2307 1142 2378 Syn.
1175 2328 1232 2377 ρ.
1270 2310 1356 2359 85.

327 2401 635 2470 Specimina
670 2401 858 2450 adsunt
889 2405 944 2448 in
982 2411 1112 2449 stata
1153 2396 1460 2464 decrepito,
1500 2394 1648 2446 iconi
1685 2395 1876 2446 citatae
1907 2394 2075 2446 simil·

187 2473 349 2534 lima,
407 2489 634 2540 quorum
690 2470 885 2519 thallus
949 2482 1256 2519 crustaceus
1307 2467 1485 2517 tenuis
1541 2465 2075 2532 viridi-pallescens,

187 2543 284 2593 suh
307 2561 438 2611 aqua
478 2542 645 2609 magis
684 2541 992 2601 olivaceus3
1032 2538 1313 2606 apothecia
1341 2537 1570 2602 oblonga
1595 2547 1647 2585 et
1668 2535 1911 2596 linearia,
1950 2536 2079 2586 hinc

191 2613 316 2663 inde
358 2614 647 2662 constricta
681 2611 764 2660 vel
807 2628 835 2660 e
875 2610 1117 2676 pluribus
1157 2607 1369 2657 seriatis
1408 2605 1731 2670 composita,
1790 2606 2077 2672 simplicia,

193 2684 250 2733 in
288 2683 450 2732 unico
490 2681 788 2748 specimine
826 2677 1028 2728 furcata
1052 2715 1064 2737 ,
1103 2696 1208 2727 non
1229 2677 1363 2726 ultra
1407 2688 1518 2725 tres
1558 2675 1724 2724 lineas
1763 2677 1951 2744 longa,
1993 2694 2082 2726 su-

189 2771 288 2821 pra
324 2765 554 2801 crustam
592 2751 983 2817 prominentia,
1025 2750 1091 2798 ob
1132 2759 1450 2797 vetustatem
1491 2745 1683 2795 nucleo
1722 2746 1916 2796 amisso
1953 2763 2080 2814 gru-

191 2841 337 2873 mosa
388 2822 657 2880 favulosa,
707 2820 944 2887 margine
1001 2818 1199 2870 calloso
1252 2828 1533 2866 extenuato
1587 2831 1686 2864 nec
1739 2815 2084 2883 albido-pul-

196 2893 509 2951 verulcnto,
566 2891 715 2940 disco
767 2891 1028 2939 latissimo
1085 2888 1150 2937 ad
1200 2888 1413 2937 tertiam
1463 2887 1636 2935 lineae
1686 2898 1890 2953 partem
1928 2902 2082 2936 acce-

199 2964 379 3013 dente.
455 2965 512 3010 In
552 2961 656 3010 alio
696 2961 992 3027 specimine
1037 2959 1228 3008 thallus
1283 2957 1568 3006 saturatius
1615 2956 1910 3015 olivaceus,
1959 2956 2079 3005 sere

195 3032 552 3101 psittacinus,
606 3031 700 3080 sub
755 3049 886 3098 aqua
937 3030 1214 3096 prasinus,
1254 3025 1541 3094 superficie
1579 3026 1823 3090 perfecte
1870 3037 2078 3077 cerata:
2117 3084 2125 3093 s

197 3101 478 3168 apothecia
530 3102 806 3169 longiora3
854 3100 1085 3167 plurima
1136 3097 1456 3163 simpliciter
1502 3098 1764 3146 ramulosa
1811 3108 1864 3145 et
1915 3113 2078 3162 angu-

198 3172 399 3232 stiora,
454 3170 600 3220 disco
642 3171 1117 3236 plano-concavo,
1173 3168 1471 3217 madefacto
1511 3165 1955 3221 convexiusculo,
1996 3165 2084 3216 vix

198 3256 374 3294 tamen
427 3256 583 3307 supra
635 3241 853 3289 thallum
906 3239 1277 3307 prominente,
1344 3248 1611 3286 caeterum
1649 3236 1862 3304 generis
1901 3234 2084 3284 chara-

201 3312 339 3363 cteri
366 3311 750 3360 convenicntcr
779 3310 990 3375 juniore
1022 3307 1480 3374 albo-pruinoso,
1521 3307 1700 3356 adulto
1733 3316 1866 3355 atro.
1940 3305 2084 3354 The-

200 3400 291 3434 cae
348 3398 564 3448 magnae
629 3381 918 3448 oblongae,
970 3380 1088 3429 sere
1138 3377 1454 3446 quindecies
1510 3377 1815 3438 annulatae,
1872 3374 2080 3425 annulis

200 3451 456 3522 quadrate
477 3480 497 3489 -
520 3451 809 3501 cellulosis.

339 3536 535 3589 Incolit
566 3537 823 3588 arborum
858 3535 1108 3587 corticem
1127 3533 1398 3600 juniorem
1423 3551 1594 3603 prope
1624 3529 1790 3585 Pani.
