2163 3852
178 100 284 156 104
805 89 1110 139 hennum.
1179 84 1436 140 Uanus..

192 242 556 317 prominentia
577 275 593 302 ‚
630 236 1233 297 undulatim‘ssexuosa,
1287 234 1636 287 audradiatim
1684 251 1896 286 ramosa
1929 250 1964 284 e
2000 231 2082 284 di·

194 318 407 371 visi'one
459 309 774 377 multiplici,
835 309 1055 359 ramulis
1104 307 1392 375 quinquies
1443 304 1507 355 ad
1557 303 1741 355 decies
1777 303 1958 355 bifidis
1994 301 2084 354 vel

204 386 424 440 alternis
461 379 796 451 patentibuS‚
851 378 1055 428 ultimis
1091 376 1458 437 brevissimis,
1496 375 1732 442 plurium
1769 372 2084 440 apothecio-

201 475 324 509 rum
361 463 532 504 semet
567 450 801 499 invicem
854 446 1296 515 amplectentibus
1333 448 1461 509 (nec
1497 445 1725 511 perinde
1763 459 1826 494 ae
1861 442 2087 494 Medu-

206 527 406 578 sulae
460 519 744 587 apothecia
793 519 943 584 plura
994 517 1216 566 collecta
1268 514 1332 564 ab
1382 516 1500 565 aliis
1548 514 1834 580 sejuncta.)
1903 515 2088 580 Hypo·

207 595 442 647 thecium
480 591 630 641 thalli
668 600 890 638 stratum
929 588 1160 636 inferius
1198 585 1479 636 altitudine
1528 585 1855 653 adaequans,
1909 582 2090 632 latitu-

208 667 337 717 dine
375 662 536 728 duplo
588 660 833 716 minore,
894 658 1142 707 deorsum
1193 673 1379 722 parum
1432 666 1800 724 angustatum,
1853 652 1982 703 hinc
2024 650 2092 701 ad

207 735 506 788 sectionem
561 730 874 781 verticalem
912 729 1137 778 sormam
1176 726 1786 776 obconico-truncatam
1821 722 2090 781 referens,

205 807 290 856 uti
326 803 569 857 videtur,
609 800 848 866 nigrum,
891 809 1056 847 strato
1095 796 1240 847 tenui
1279 795 1580 863 gelatinoso
1619 795 1902 860 thecigero
1938 789 2094 842 thalli

209 885 434 927 atratum
487 870 734 938 superius
783 869 1112 936 adaequante
1166 865 1429 916 obtectus.
1501 865 1695 916 Discus
1744 863 1978 923 obscure
2013 859 2094 911 vi·

204 963 372 997 nosus
395 978 408 1002 ‚
447 941 511 990 ad
549 939 761 992 oculum
798 939 998 987 nudum
1036 938 1091 985 in
1131 935 1315 986 eadem
1353 952 1473 984 cum
1509 934 1673 985 thallo
1697 932 1954 1001 planitie,
1991 944 2095 981 neo

208 1014 527 1083 prominens
588 1026 690 1059 nec
761 1009 1111 1074 marginatus,
1199 1007 1296 1056 sub
1361 1006 1506 1055 lente
1566 1003 1838 1072 paululum
1905 1017 2095 1052 conca-

206 1102 321 1137 vus·
395 1081 609 1131 Thecae
649 1080 911 1135 clavatae,
967 1076 1038 1124 tri
1066 1105 1088 1115 -
1134 1076 1198 1126 ad
1250 1076 1796 1144 quadri-annulatae,
1837 1069 2092 1138 singulari

209 1155 376 1205 modo
413 1149 594 1217 fungis
646 1164 744 1198 nec
791 1146 1092 1196 lichenibus
1140 1146 1268 1194 alias
1315 1156 1574 1196 consueto
1623 1146 1789 1195 dense
1847 1143 2092 1209 stipatae,

209 1225 418 1277 discum
456 1219 576 1270 sere
614 1219 883 1286 integrum
921 1217 1330 1268 constituentes.
1405 1216 1603 1277 (icon.
1643 1216 1788 1280 eit.)

347 1306 547 1363 Incolit
577 1306 834 1358 arborum
856 1304 1104 1355 corticem
1123 1321 1295 1372 prope
1317 1299 1485 1353 Parti.

935 1481 1022 1527 vl.
1081 1480 1367 1526 USTALIA.

352 1615 533 1679 fries,
565 1613 647 1685 pl.
682 1613 898 1664 bomon.
922 1631 982 1682 p.
1007 1620 1125 1679 274.

358 1706 507 1758 Icon.
537 1703 632 1756 sel.
659 1712 911 1772 cry‘ptog.
942 1700 1053 1752 tab.
1078 1720 1128 1766 7.
1151 1693 1259 1767 fig.
1294 1697 1327 1749 6
1348 1707 1399 1748 et
1423 1717 1476 1765 7,

352 1796 698 1862 Pyrochroa‚
737 1788 887 1859 Syst.
916 1787 1075 1838 Lich.
1096 1807 1153 1856 p.
1187 1789 1265 1840 15.
1279 1781 1390 1855 fig.
1424 1803 1475 1854 9.

350 1881 816 1954 Platygrammatis
840 1891 893 1930 et
921 1878 1104 1929 forsan
1136 1874 1660 1945 Lemogrammafis,
1709 1870 1921 1942 Meyer·
1959 1889 2103 1941 spec.

380 1975 493 2055 Ap
509 1996 545 2032 o
563 1973 640 2031 th
654 1991 686 2028 e
703 1992 736 2029 c
753 1970 828 2027 iu
841 1991 903 2026 m
960 1968 1231 2045 oblongo
1250 1965 1517 2024 -lineare
1536 2008 1553 2037 ,
1610 1964 1898 2037 liberum,
1964 1962 2106 2023 suh·-

221 2077 554 2126 ramosum,
601 2053 987 2131 discigerum,
1036 2051 1208 2108 disco
1246 2046 1871 2128 plano—canaliculato
1889 2088 1906 2117 ,
1946 2043 2107 2126 (ple-

219 2133 1066 2280 fgssqflssessgbgssssnjtlgliom
1111 2129 1546 2192 albido-velato
1565 2171 1582 2200 ‚
1640 2129 1914 2209 margine
1952 2127 2109 2186 thah

383 2324 437 2379 Τ
451 2322 493 2379 h
508 2319 577 2377 al
591 2317 613 2374 l
625 2340 665 2374 u
681 2339 708 2374 s
753 2329 1124 2374 crustaceus.

365 2421 604 2472 Adnot.
673 2416 831 2466 Licet
877 2417 1238 2464 Biatoram
1289 2415 1392 2464 Fr.
1449 2409 1513 2461 ad
1548 2409 1929 2461 Lecideam
1967 2423 2109 2458 nunc

228 2490 576 2551 reducamus,
650 2505 756 2536 non
806 2501 867 2534 ea
918 2496 1142 2551 propter
1213 2501 1407 2551 genera
1475 2480 1560 2530 his
1633 2481 1853 2547 analoga
1925 2482 2113 2531 Usta»

225 2562 323 2612 lia
360 2572 416 2611 et
454 2555 979 2624 Sclerophyton
1020 2553 1315 2621 copulanda
1354 2563 1508 2613 sunt3
1559 2551 1757 2617 prioris
1796 2550 1941 2600 enim
1979 2566 2109 2616 apo·

225 2632 466 2681 thecium
502 2629 677 2694 junius
717 2626 942 2678 velatum
969 2662 981 2684 ‚
1039 2624 1163 2674 dein
1216 2624 1389 2673 libere
1449 2622 1746 2684 elevatum,
1804 2639 1830 2670 a
1872 2620 2112 2688 margin·

224 2700 460 2751 thallode
495 2699 670 2747 libero
709 2697 940 2746 distante
979 2694 1251 2752 cinctum,
1287 2693 1414 2742 hinc
1454 2692 1522 2741 ob
1560 2692 1856 2759 marginem
1894 2689 2116 2758 apotheu

224 2771 302 2821 eii
337 2770 616 2839 proprium
660 2766 910 2832 utrinque
960 2765 1481 2832 quantulumcunque
1519 2762 1845 2811 eminentem
1884 2759 2115 2826 duplici-

224 2851 315 2891 ter
352 2839 734 2906 marginatum3
775 2835 992 2885 alterius
1033 2847 1214 2884 contra
1253 2834 1472 2900 generis
1509 2831 1853 2899 apothecium
1891 2830 2111 2881 omnino

225 2911 569 2967 immersum,
619 2905 861 2972 margine
911 2921 1089 2972 neque
1141 2905 1364 2971 proprio
1419 2919 1593 2969 neque
1647 2901 1882 2952 thallode
1932 2901 2110 2968 signa—

227 2991 380 3044 tum3
435 2978 635 3046 prioris
686 2975 810 3024 dein
845 2974 1227 3040 hypothecium
1265 2972 1664 3022 canaliculatum
1703 2973 1738 3022 i.
1779 2989 1827 3022 e.
1867 2969 2112 3020 dimidia-

228 3062 376 3114 tum,
415 3049 646 3098 inferum
681 3046 1044 3113 lateraleque‚
1085 3044 1301 3093 alterius
1340 3060 1486 3092 mere
1525 3042 1775 3092 inferum.

372 3137 564 3188 lisdem
601 3135 745 3184 notis
782 3151 946 3202 genus
984 3144 1225 3182 nostrum
1263 3149 1291 3180 a
1327 3131 1781 3199 Diorygmate
1819 3139 1874 3178 et
1911 3128 2112 3178 Leio·

231 3219 604 3280 grammate
666 3204 978 3254 distinctum
1016 3214 1131 3263 est,
1189 3218 1310 3250 cum
1366 3201 1643 3269 utriusque
1696 3198 1975 3267 apothecia
2012 3198 2113 3247 im-

226 3295 402 3332 mersa
441 3277 576 3336 sint,
631 3275 833 3341 prioris
871 3284 1150 3341 praeterea
1201 3270 1480 3339 apothecia
1514 3270 1733 3321 omnino
1771 3279 1986 3319 careant
2020 3268 2113 3334 hyr-

228 3347 487 3419 pothecio
541 3361 720 3412 neque
767 3343 918 3396 disco
972 3343 1235 3411 gaudeant
1283 3358 1315 3392 e
1363 3339 1551 3392 floccis
1601 3339 1798 3390 erectis
1845 3338 2114 3405 paralleli·

230 3428 577 3478 constructo,
627 3413 849 3465 alterius
905 3412 1031 3465 dein
1069 3412 1309 3481 margine
1347 3410 1578 3462 thallode
1619 3404 1877 3463 obv-nata
1911 3408 2112 3459 nullu-

233 3489 465 3541 }iabeant
498 3484 797 3556 proprium.
