2163 3852
719 180 1021 230 Licumms,
1086 180 1392 244 Cmnonu,
1892 185 1998 251 281

125 325 697 394 crispato-crenulatis
745 328 917 376 rarius
967 327 1299 383 denticulatis
1348 329 1571 380 subinde
1621 330 1813 379 iterum
1861 332 1998 381 inci-

128 397 233 453 sis,
287 397 521 464 margine
559 397 683 446 hinc
734 397 858 445 inde
898 397 1036 445 ciliis
1076 396 1207 445 albis
1256 400 1679 449 subfasciculatis
1719 400 1996 454 distincto.

124 466 349 516 Podetia
388 485 415 516 e
457 468 643 533 pagina
683 470 962 530 superiore
1004 466 1247 515 loliorum
1288 470 1537 527 oriunda,
1591 471 1838 535 copiosa,
1893 468 1997 535 fili-

122 534 333 591 fol-mia,
374 548 654 595 attenuata,
696 536 946 595 subulam,
987 552 1244 584 cornuum
1280 537 1405 586 bovi
1450 540 1508 586 as]
1548 540 1715 588 instat·
1752 551 1994 602 curvata3

122 603 178 666 in
215 606 398 671 priore
439 607 556 657 loco
598 606 755 659 natali
801 626 815 654 1
845 607 1262 664 —2-linearia,
1324 608 1613 674 laevigata,
1668 610 1831 659 thallo
1871 609 1993 657 sub-

120 675 404 725 concolora
454 693 550 725 nec
584 675 685 723 nisi
726 675 788 724 ad
827 677 1160 740 supet-iorem
1201 688 1403 740 partem
1439 680 1748 738 albicantia,
1789 680 1993 743 simpli-

121 744 203 792 cia
260 746 496 804 (unicum
552 756 750 793 tantum
811 746 1084 811 podetium
1145 748 1395 794 emittens
1450 750 1763 807 ramulum),
1839 749 1992 815 apice

119 812 345 865 subinde
395 814 720 870 rufescentia
766 816 849 864 vel
889 815 1205 879 cephaludis,
1246 817 1463 865 minimo
1502 818 1587 870 vix
1626 819 1726 867 nisi
1765 819 1827 869 ad
1879 820 1992 868 len-

112 894 221 932 tem
252 886 545 950 conspicuo
574 883 900 934 rufo-fusco
939 884 1208 949 praedita3
1250 885 1303 934 in
1336 886 1501 935 altero
1541 887 1661 937 loco
1700 888 1858 943 natali
1899 907 1991 954 pa-

114 970 230 1001 rum
268 953 542 1019 longiora,
602 971 628 1003 a
670 954 782 1002 basi
822 955 883 1003 ad
922 957 1128 1018 apicem
1168 973 1332 1022 usque
1372 956 1987 1023 albido-pulverulcnta,

120 1022 292 1071 rarius
332 1023 567 1090 granulis
605 1025 984 1092 nonnullisque
1025 1026 1312 1094 squamulis
1347 1026 1583 1077 minimis
1622 1027 1828 1080 vestita.

253 1133 451 1202 Crescit
496 1142 550 1186 in
603 1135 844 1200 Brasilia
894 1138 983 1201 (dc
1033 1135 1276 1203 1⁷Wa7*t.)5
1332 1139 1383 1190 in
1437 1139 1596 1191 Bras.
1646 1139 1987 1192 meridionali

110 1202 367 1271 (Sellow,
407 1206 572 1259 Herb.
611 1206 747 1275 ch.
788 1206 1034 1272 Berol);
1074 1209 1124 1257 in
1174 1208 1445 1260 altissimis
1476 1212 1746 1261 montibus
1782 1210 1988 1261 Jamai-

107 1292 205 1324 cae
261 1276 333 1327 ad
389 1286 590 1340 ter-ram
648 1279 973 1343 (Swartz);
1035 1279 1086 1328 ln
1147 1280 1405 1332 umbrosis
1451 1300 1620 1348 prope
1673 1280 1985 1347 speluncam

112 1344 425 1403 Cae-hamno
478 1345 799 1408 Provinciae
847 1345 1226 1412 Cumanensss,
1264 1359 1313 1398 et
1358 1350 1409 1399 in
1448 1350 1621 1418 sylvis
1660 1350 1983 1418 Cinclzonae,

101 1433 274 1486 prope
308 1414 527 1481 Loxam
569 1416 997 1469 Perzzviano‘ram
1036 1418 1176 1470 altit.
1225 1437 1351 1471 1200
1385 1420 1578 1489 lzexap.
1632 1420 1877 1489 Hamb.).

243 1533 479 1584 Adnot.
552 1536 598 1583 E
661 1533 820 1583 thallo
888 1534 1104 1602 quidem
1167 1536 1545 1587 Cladoniae
1603 1539 1813 1603 species
1869 1555 1979 1589 non

102 1614 253 1654 certe
288 1605 518 1666 indicari
556 1614 764 1669 potest,
805 1615 858 1653 et
890 1605 1066 1652 vax-iae
1099 1622 1231 1670 quae
1264 1607 1478 1655 nomine
1506 1607 1670 1657 citato
1710 1609 1979 1675 descripta

98 1684 222 1729 sunt
271 1674 598 1739 specimina,
653 1672 717 1721 ad
760 1674 929 1721 varias
972 1674 1181 1739 species
1229 1677 1505 1741 pertinere
1550 1690 1802 1744 possunt3
1856 1695 1978 1729 cum

98 1760 228 1794 vem
270 1755 453 1793 nostra
494 1759 614 1792 cum
656 1743 814 1793 icone
861 1744 1189 1793 Swartzii
1238 1747 1471 1796 exactius
1510 1748 1866 1807 conveniant,
1921 1759 1977 1799 et

96 1813 155 1863 ni
203 1813 462 1872 fallimur,
500 1813 638 1863 intra
667 1814 909 1879 tropicos
941 1815 1238 1880 specierum
1261 1834 1513 1866 numerus
1546 1829 1623 1867 sat
1643 1819 1862 1885 exiguus
1896 1818 1978 1868 vi·-

96 1882 302 1943 deatur,
342 1901 460 1943 cum
489 1883 608 1932 dein
631 1883 923 1948 specimina
956 1902 982 1931 a
1006 1883 1084 1934 Cl.
1107 1884 1171 1932 de
1196 1889 1249 1933 M
1267 1905 1291 1933 a
1308 1898 1368 1933 rt
1385 1887 1401 1935 i
1419 1905 1448 1935 o
1491 1888 1625 1936 lecta
1649 1904 1811 1953 pauca
1835 1906 1971 1955 quae

92 1965 214 2002 sunt
248 1953 543 2020 caespitulo
578 1953 779 2019 speciei
798 1953 1168 2017 praecedentis
1204 1955 1529 2013 inhaereant,
1571 1959 1731 2015 (nexu
1754 1959 1973 2027 quidem

90 2023 241 2073 nullo
291 2025 431 2075 inter
469 2024 748 2091 utriusque
798 2024 999 2090 speciei
1043 2025 1334 2089 specimina
1389 2027 1728 2090 observato),
1793 2030 1970 2094 planta

89 2111 306 2161 quoque
354 2093 674 2144 Swartzii
736 2093 794 2141 in
851 2093 1042 2143 iisdem
1087 2093 1246 2143 lociis
1291 2113 1408 2143 cum
1446 2097 1538 2146 Cl.
1592 2110 1968 2166 aggregata

86 2162 226 2214 lecta
246 2164 332 2223 sit,
369 2164 576 2213 demum
595 2180 711 2212 cum
740 2161 894 2228 hujus
929 2164 1249 2230 posterioris
1269 2164 1485 2216 thallum
1515 2184 1672 2217 nemo
1692 2169 1966 2238 hucusque

85 2233 316 2295 viderit,
357 2232 648 2300 suspicatio
687 2232 862 2282 oritur
896 2244 1173 2300 utramque
1208 2236 1443 2302 speciem
1483 2238 1963 2289 Swartzianam

89 2321 226 2370 quae
269 2303 452 2358 colore
486 2304 613 2354 satis
643 2303 985 2361 conveniunt,
1029 2303 1090 2351 ad
1123 2323 1276 2353 unam
1309 2307 1632 2378 eandemque
1664 2309 1960 2373 pertinere.

89 2374 149 2426 Id
210 2374 395 2423 saltem
464 2384 681 2426 naturae
754 2372 1093 2443 adaequatius
1154 2376 1392 2434 videtur,
1466 2394 1619 2445 quam
1672 2379 1963 2429 secundum

79 2443 457 2496 Florkeum
510 2444 813 2505 (comment.
868 2460 1027 2495 nova.
1075 2461 1130 2507 ρ.
1172 2444 1282 2507 68,)
1337 2446 1658 2515 subjungere
1708 2448 1960 2497 Clado-

79 2513 235 2564 niae
291 2513 647 2580 pyxidatae
713 2511 998 2578 plantulam
1066 2515 1389 2567 Swartzii
1442 2517 1736 2583 insignem,
1802 2534 1957 2586 quae,

15 2587 27 2596 '
82 2584 129 2635 si
168 2583 445 2651 indigenas
487 2582 857 2649 perspicimus,
897 2584 1148 2648 proprius
1189 2585 1278 2633 Cl.
1323 2587 1666 2635 ‘alcicorni
1704 2587 1788 2636 vel
1820 2587 1959 2652 ejus·

75 2652 196 2702 dem
235 2653 488 2704 ‘varietati
540 2652 1086 2704 endiviaefoliae
1138 2654 1344 2703 accedit
1382 2668 1533 2705 antea
1585 2675 1611 2706 a
1656 2657 1955 2707 Florlzeo

77 2722 198 2790 ipso
264 2720 444 2787 (Berl.
514 2720 747 2789 Magaz.
795 2720 839 2771 l.
905 2725 1050 2786 1807.
1115 2741 1173 2789 p.
1225 2727 1369 2788 202.)
1424 2738 1478 2775 et
1537 2726 1599 2776 ab
1652 2727 1954 2777 Achario

73 2791 283 2853 (Meth.
316 2791 438 2841 lich.
471 2811 526 2858 p.
556 2793 704 2854 352.)
736 2791 1051 2843 adsociatae.
1095 2796 1379 2847 Caeterum
1417 2796 1746 2847 Acharius
1785 2797 1954 2862 pode-

71 2865 145 2913 tia
181 2863 312 2913 dicit
352 2863 503 2928 apice
542 2862 777 2924 rubella,
841 2862 1178 2913 Florkeus
1217 2882 1343 2915 vero
1383 2865 1512 2917 olim
1564 2863 1741 2926 (Berl.
1781 2864 1946 2934 Mag.

72 2930 109 2982 l.
149 2935 222 2997 c.)
273 2931 603 3000 cephalodiis
662 2931 822 2982 1-3
875 2933 1046 2998 nigri·
1109 2935 1388 3002 praedita,
1472 2953 1614 2987 nunc
1665 2937 1953 3000 (comment

67 3019 211 3055 nova
248 3001 284 3053 l.
326 3010 399 3069 ο.)
438 3003 590 3073 apice
629 3002 797 3054 dilute
833 3002 998 3054 fusca.

539 3208 942 3255 OBSERVATIO
991 3208 1462 3256 GEOGRAPHICA‚

202 3337 491 3406 Superest,
543 3349 600 3387 ut
635 3336 832 3386 formas
870 3336 1102 3403 singulas
1145 3337 1480 3400 systematice
1525 3338 1822 3402 descriptas
1858 3354 1947 3387 01·-

61 3405 187 3458 dine
217 3407 577 3475 geographico
613 3424 935 3473 exponamus
956 3441 968 3463 ‚
1023 3406 1213 3459 exinde
1245 3408 1512 3457 lichenum
1548 3406 1945 3458 brasiliensium

60 3475 295 3541 indolem
327 3488 382 3526 et
411 3476 607 3527 faciem
641 3475 996 3530 universalem
1026 3476 1335 3543 indagemus
1374 3494 1602 3545 cumque
1637 3478 1753 3526 aliis
1797 3475 1943 3526 orbis

57 3557 324 3598 terrarum
352 3547 593 3614 partibus
620 3546 978 3598 conferamus.
1030 3546 1189 3596 Licet
1218 3564 1350 3599 vero
1381 3549 1687 3615 specierum
1708 3545 1944 3613 descrip-
