2163 3852
218 187 287 239 36
759 188 972 239 Anam.
1061 190 1555 244 spuiznococcus.

366 333 435 384 In
474 335 583 385 oris
623 333 825 386 Oceani
859 336 932 386 ad
968 335 1464 410 Sebastianopolin:
1519 340 1588 394 cI.
1625 338 1917 413 Hoelting3
1969 361 2108 396 com·

226 405 522 457 manicavit
560 404 628 456 cl.
666 404 932 458 Illertezm

325 569 413 612 111.
455 569 835 616 FILIFORMES
877 571 1001 615 AUT
1043 573 1385 629 PINNATAE,
1428 577 1840 622 COMPRESSAE
1879 577 1962 624 AU

839 647 1488 695 SUBTERETIUSCULAE.
1948 667 1951 669 ·

496 746 537 788 8·
607 750 1238 793 SPHAEROCOCCUS
1296 758 1757 796 RAMULOSUS.
1792 755 1821 807 †

364 836 417 885 S.
449 834 642 885 fronde
682 839 1026 906 cartilagine-a
1060 844 1678 909 purpurascenti-rosea
1723 860 1853 911 vage
1889 852 1943 892 et
1973 842 2106 890 mul-

224 903 456 955 tifariam
488 923 722 969 ramosa,
777 911 937 958 ramis
974 913 1248 977 primariis
1285 916 1641 982 compressis,
1707 913 1926 964 ramulis
1959 928 2109 978 spar-

225 975 300 1024 sis
340 975 707 1026 teretiusculis
740 978 1033 1031 bidentatis
1065 982 1292 1033 bifurcis
1334 996 1423 1034 aut
1462 984 1832 1043 denticulatis,
1887 1000 2108 1055 sperau-

222 1044 327 1113 giis
350 1046 654 1094 lateralibus
676 1046 1139 1116 hemisphaericis.
1175 1051 1356 1103 flsslart.
1378 1051 1452 1103 Ic.
1471 1054 1649 1105 select.
1668 1053 1863 1123 Crypt.
1879 1061 1919 1103 t.
1934 1048 2040 1119 3.j.
2057 1067 2106 1101 2.

357 1135 536 1184 Fucus
565 1135 893 1197 ramulosus‚
931 1135 1108 1189 Effert.
1143 1140 1194 1189 in
1232 1140 1337 1192 litt.

357 1223 558 1271 Basis
596 1235 847 1273 constans
894 1225 1046 1276 fibris
1104 1230 1376 1278 nonnullis
1423 1229 1925 1297 compressiusculis
1975 1226 2103 1277 sim-

216 1290 447 1357 plicibus
476 1303 564 1342 aut
592 1293 717 1343 hino
759 1295 885 1345 inde
910 1297 1115 1347 ramulo
1148 1298 1375 1351 denteve
1411 1319 1515 1351 uno
1549 1302 1788 1351 alterove
1823 1298 2103 1368 praeditis,

218 1379 380 1427 supra
419 1380 567 1422 saxa,
633 1364 862 1415 conchas
904 1367 987 1416 vel
1031 1369 1293 1436 zoophyta
1330 1372 1533 1420 marina
1572 1389 1827 1438 expansa,
1881 1370 1960 1418 uti
1990 1378 2103 1418 tota

218 1432 382 1498 stirps
409 1432 737 1484 substantiae
763 1436 1143 1505 cartilagineae
1171 1451 1224 1489 et
1253 1442 1456 1491 coloris
1483 1440 1932 1508 purpurascenti·
1951 1437 2102 1488 rosei

216 1502 387 1550 autin
421 1517 786 1555 marcescente
817 1506 1000 1557 albidi.
1080 1511 1390 1560 Frondes
1444 1512 1569 1562 inde
1615 1522 1838 1580 surgunt
1885 1519 2100 1560 erectae

212 1571 418 1621 tres'ad
451 1575 688 1642 quinque
720 1575 949 1643 pollices
975 1579 1128 1640 altae,
1168 1579 1286 1630 basi
1313 1599 1539 1648 pennam
1570 1581 1929 1632 columbinam
1957 1596 2101 1629 cras-

214 1657 333 1702 sae,
401 1660 531 1710 vage
582 1657 632 1693 et
693 1646 1057 1712 subpinnatim
1114 1667 1384 1713 ramosae,
1456 1653 1799 1703 divaricatae.
1905 1649 2101 1701 Rami

212 1728 395 1776 sparse
429 1714 514 1762 vel
557 1714 960 1767 subalternatim
994 1719 1190 1769 iterum
1223 1724 1509 1782 ramulosi,
1560 1721 1886 1789 compressi,
1939 1719 2098 1770 dimi-

211 1780 352 1829 diam
383 1781 447 1831 ad
478 1782 605 1833 duas
633 1784 799 1835 lineas
819 1824 832 1847 ,
886 1789 1234 1855 (praesertim
1273 1792 1329 1841 in
1358 1793 1744 1856 divisionibus)
1775 1791 1887 1840 lati.
1988 1792 2097 1840 Ra-

207 1850 339 1899 muli
371 1869 578 1903 sursum
614 1856 919 1907 crebriores
959 1872 1011 1909 et
1036 1861 1332 1930 longiores,
1364 1864 1682 1913 subdislichi
1702 1899 1714 1923 ,
1770 1859 1945 1911 ultimi
1975 1860 2094 1910 fere

205 1930 444 1982 teretes,
499 1924 627 1973 duas
661 1938 713 1976 et
746 1927 890 1995 quod
922 1932 1135 1980 excedit
1166 1932 1332 1983 lineas
1363 1934 1543 2002 longi,
1600 1935 1740 1983 bene
1775 1931 1976 1982 evoluti
2008 1929 2093 1980 bi-

205 1990 378 2052 furci,
421 2011 581 2061 saepe
609 2007 784 2046 autem
815 2016 921 2048 non
947 2000 1055 2050 nisi
1082 2002 1373 2066 bidentati,
1425 2004 1587 2054 dente
1621 2016 1746 2054 tunc
1777 2002 1945 2052 altero
1978 2001 2091 2067 ple·

200 2078 430 2129 rumque
476 2064 717 2126 minore,
801 2067 920 2117 sinu
966 2070 1111 2121 inter
1152 2073 1341 2127 dentes
1381 2074 1713 2124 acutiusculo
1758 2088 2090 2139 compresso.

204 2131 240 2180 S
259 2149 290 2198 p
308 2137 593 2202 orangia
624 2137 679 2184 in
710 2137 876 2187 latere
901 2157 1172 2191 ramorum
1197 2155 1285 2193 aut
1311 2145 1635 2194 ramulorum
1669 2162 1876 2210 sparsa,
1916 2142 2091 2191 rarius

202 2202 508 2253 terminalia
538 2204 592 2253 in
622 2207 742 2254 sinu
770 2208 1038 2269 dentium,
1092 2214 1810 2282 convexo-hemisphaerica
1843 2223 1930 2262 aut
1965 2211 2088 2261 sub-

201 2270 451 2338 globosa,
514 2276 716 2326 vertice
758 2280 1040 2330 rotundata
1081 2284 1164 2334 vel
1202 2285 1476 2335 rarissime
1513 2284 1830 2335 mucronulo
1879 2283 2086 2332 minuto

198 2353 367 2391 aucta.
460 2345 689 2395 Nucleus
730 2365 1009 2415 sporarum
1058 2352 1113 2401 in
1160 2353 1310 2404 hisce
1357 2357 1660 2424 sporangiis
1709 2363 2086 2405 contentarum

196 2411 472 2478 globosus.
549 2416 809 2482 Sporae
841 2419 1273 2486 subpellucidae,
1313 2425 1666 2493 pyriformes,
1708 2424 1918 2483 ovales‚
1958 2439 2083 2472 raro

195 2481 584 2549 subglobosae‚
626 2503 719 2536 sex
746 2489 810 2538 ad
837 2501 961 2540 octo
994 2493 1049 2540 in
1075 2494 1303 2545 bacillos
1342 2496 1590 2545 radiatim
1626 2495 1920 2564 dispositos
1955 2509 2080 2544 con·

193 2562 500 2614 catenatae,
538 2556 838 2608 minoribus
872 2560 1246 2614 inferioribus.

333 2622 519 2673 Multis
553 2627 727 2678 modis
759 2631 1009 2680 convenit
1046 2648 1163 2682 cum
1200 2635 1254 2684 S.
1301 2635 1729 2694 cervicorni,
1770 2634 1862 2703 qui
1899 2644 2079 2683 tamen

193 2690 248 2740 S.
292 2691 682 2747 Chamissoi
739 2699 966 2764 propius
1024 2703 1233 2752 accedit
1284 2716 1336 2754 et
1379 2724 1404 2754 a
1458 2718 1643 2755 nostro
1699 2704 2076 2771 distingiutur:

189 2758 384 2811 fronde
416 2764 599 2829 plana,
664 2768 883 2818 ramulis
917 2769 1341 2824 horizontalibus
1379 2776 1726 2826 subdistichis
1761 2786 1814 2825 et
1847 2772 2078 2824 fructifi-
2132 2819 2135 2821 .

188 2831 403 2881 catione
431 2835 728 2903 marginali.

257 2985 296 3035 l·
330 2916 533 3039 Cre.lvcit
564 2922 618 2972 in
652 2924 886 2992 scopulis
915 2928 1202 2981 maritimis
1230 2932 1301 2980 ad.
1324 2929 1659 3001 Soteropolt're
1680 2971 1695 2997 ,
1735 2931 2073 2984 Sebastiano·
2152 2946 2163 2953 “

177 3003 251 3053 ρο
280 3007 333 3038 ιη
371 3008 430 3040 re
459 3030 470 3041 .
1111 3010 1122 3018 “

425 3107 469 3151 9.
542 3111 1169 3159 SPHAEROCOCCUS
1229 3122 1820 3161 'rnlANGULARIS.

323 3197 375 3245 S.
416 3195 611 3248 fronde
655 3202 1001 3271 cartilaginea
1034 3196 1515 3273 com-pressiuscula
1556 3210 1641 3261 vel
1679 3211 1834 3277 plana
1870 3207 2067 3260 lineari

178 3261 579 3330 bipinnatifida,
645 3273 865 3323 ramulis
915 3274 1115 3324 ultimis
1168 3278 1414 3328 distichis
1453 3291 1540 3330 aut
1575 3279 1837 3331 tristichis
1873 3277 2067 3331 bi-vel

177 3332 456 3385 multifidis
508 3354 663 3388 secus
712 3359 981 3392 ramorum
1032 3347 1427 3415 longitudinem
1479 3350 1706 3418 positiS‚
1764 3349 2065 3419 sporangiis

175 3401 415 3469 globosis
452 3409 790 3471 pedicellatis
825 3414 880 3462 in
908 3417 1145 3468 ramulis.

315 3474 538 3540 Species
578 3479 778 3531 formas
815 3484 941 3532 duas
981 3486 1208 3538 induens
1246 3506 1347 3556 pro
1383 3489 1613 3540 diversis
1649 3488 1890 3550 habitas,
1945 3506 2061 3541 mo-

171 3552 336 3592 nente
370 3547 575 3612 optimo
611 3553 1035 3619 Mertensio‚
1089 3559 1183 3628 qui
1217 3558 1668 3612 fructificationes
1704 3576 1770 3610 ex
1805 3560 2058 3628 opulenta

171 3611 495 3668 collectione
534 3622 963 3677 communicavit.
