2163 3852
180 98 289 154 218
776 101 1080 153 Lxcnnnns.
1143 104 1452 161 Pisanum.

174 262 294 299 mae
317 271 426 306 non
449 251 640 303 desunt
658 250 986 313 vacillantes,
1017 263 1076 302 ut
1102 253 1503 304 Parmeliam
1535 255 1907 308 olivaeeam
1933 276 2055 309 mox

173 323 341 376 thallo
379 322 728 374 decumbente
764 323 1054 380 radicante,
1095 341 1214 372 mox
1251 335 1433 374 erecto
1468 325 1718 392 utrinque
1761 329 2052 379 concolore

177 393 535 458 (Cetraria
579 392 977 458 saepincola
1026 392 1238 453 Aah),
1278 395 1515 443 scutellis
1555 394 1678 442 hinc
1717 398 1932 448 omnino
1965 398 2055 447 ad-

176 466 316 516 natis
342 463 659 532 gaudentem
688 463 792 512 huc
823 461 907 513 vel
936 462 999 512 ad
1033 462 1327 512 sectionem
1356 464 1593 532 quintam
1621 464 1829 516 referre
1861 467 2059 534 possis.

415 619 492 663 26.
556 627 943 663 PARMELIA
1026 625 1715 664 Anno-PUNGTATA.
1768 615 1800 667 ·l·

311 741 371 791 P.
428 737 593 788 thallo
633 737 1436 805 cartilagineo-membranaceo
1470 751 1661 788 tenero
1699 740 2056 793 adscendente

173 811 425 880 utrinque
454 808 639 877 glabro
675 826 831 873 supra
862 808 1049 873 glauco
1078 808 1401 857 reticulatim
1429 828 1622 876 rugoso
1656 809 2052 877 albido-punc·

177 894 321 944 tato,
363 881 544 930 subtus
585 877 721 936 albo,
762 878 972 925 laciniis
1012 877 1384 927 erectiusculis
1421 878 1694 927 multifidis
1732 880 1884 945 apice
1923 880 2055 930 dila-

171 953 325 1011 tatis,
366 949 605 1015 margine
643 948 879 1011 repando
919 947 1351 1012 integriusculis,
1391 947 1571 997 subtus
1606 950 2054 1011 convexiusculis,

173 1021 412 1073 scutellis
448 1017 828 1081 marginalibus
871 1016 1105 1084 obliquis
1145 1017 1531 1066 semi-adnatis
1568 1018 2054 1084 cupulaeformibus

169 1092 382 1142 demum
421 1088 608 1152 amplis
641 1086 818 1136 medio
849 1086 1158 1153 perforatis,
1199 1086 1348 1138 disco
1376 1087 1536 1137 badio
1570 1088 1877 1149 livescente,
1914 1107 2053 1138 mar-

170 1162 295 1231 gine
344 1158 675 1210 tenuissimo.

312 1229 537 1296 Species
576 1226 707 1275 nulli
735 1223 1253 1290 descriptae'affinis,
1294 1226 1464 1294 quoad
1493 1225 1718 1276 formam
1754 1225 2048 1276 Lieheni

168 1300 523 1352 islandico
579 1296 840 1363 proxima.
928 1294 1176 1355 Thallus,
1247 1295 1293 1343 si
1341 1297 1469 1344 alias
1525 1296 1780 1346 sectionis
1840 1296 2050 1361 species

169 1389 470 1437 comparas,
520 1378 703 1426 tener,
742 1363 1205 1425 membranaceus,
1245 1366 1506 1432 rigidulus
1545 1377 1714 1416 tamen
1753 1377 1804 1413 et
1842 1365 2052 1414 cartila-

166 1443 559 1511 gineo-tenax,
599 1454 628 1486 e
666 1436 875 1485 laciniis
913 1435 1148 1502 undique
1186 1434 1631 1485 adscendentibus
1669 1436 1820 1502 apice
1860 1435 2052 1483 fructi-

163 1513 301 1564 feris
358 1510 632 1576 eleganter
669 1506 1017 1571 caespitosus.
1092 1504 1281 1553 Facies
1321 1506 1569 1571 superior
1620 1506 2043 1564 concaviuscula‚

163 1582 390 1652 pulchre
438 1580 650 1646 glauca,
706 1593 735 1625 e
771 1577 920 1641 rugis
958 1573 1205 1623 tenuibus
1244 1576 1566 1624 reticulatim
1616 1574 2048 1642 prominentibus

166 1654 348 1705 obiter
397 1647 777 1705 scrobiculata,
830 1662 859 1694 e
898 1645 1048 1693 strati
1088 1644 1357 1694 corticalis
1397 1645 1614 1694 defectu
1665 1646 1790 1694 hinc
1829 1644 1954 1694 inde
1992 1646 2048 1693 in

165 1737 421 1790 rugorum
485 1715 858 1784 prominentiis
911 1715 1356 1779 albo-punctata.
1428 1715 1618 1764 Facies
1675 1716 1861 1781 supina
1917 1731 2047 1763 con-

163 1788 500 1847 vexiuscula,
586 1785 837 1833 similiter
905 1784 1214 1844 reticulata,
1282 1796 1591 1834 constanter
1658 1785 1775 1833 alba
1845 1784 2043 1850 glabra.

161 1861 414 1916 Laciniae
439 1858 733 1921 elongatae,
767 1854 1175 1911 erectiusculae,
1209 1856 1354 1903 vau-io
1382 1855 1541 1904 modo
1572 1853 1789 1911 divisae,
1826 1854 1880 1902 in
1910 1872 2044 1902 mar-

167 1935 290 2003 gine
329 1927 569 1978 ssexuoso
599 1923 1161 1992 repando-crenulato
1199 1924 1283 1972 vel
1319 1924 1707 1991 integriusculo
1746 1924 1810 1973 ad
1844 1924 2047 1973 lentem

165 2001 379 2072 punctis
417 1997 585 2063 nigris
625 1994 946 2061 simpliciter
992 1992 1202 2042 seriatis
1248 1994 1522 2060 eleganter
1558 2005 1802 2053 notatae,
1861 2011 2046 2043 versus

164 2074 325 2124 finem
364 2068 607 2117 dilatatae
646 2065 961 2115 rotundatae
995 2074 1049 2112 et
1085 2074 1316 2124 retusae,
1358 2064 1562 2131 ibique,
1600 2063 1773 2113 rarius
1809 2062 1872 2112 ad
1908 2081 2044 2112 mar-

166 2145 346 2212 ginem
395 2137 698 2196 lateralem,
751 2134 991 2201 pluribus
1030 2132 1269 2183 scutellis
1319 2133 1545 2183 subinde
1584 2133 1864 2200 geminatis
1915 2134 2053 2182 onu-'

168 2225 294 2264 stae.
372 2205 637 2257 Scutellae
675 2205 850 2252 minus
903 2220 1058 2271 quam
1098 2203 1150 2250 in
1191 2204 1309 2251 aliis
1358 2203 1514 2269 hujus
1552 2203 1765 2271 generis
1807 2204 2045 2263 adnatae‚

168 2284 232 2334 ab
281 2278 441 2330 initio
493 2275 952 2342 cupulaeformes,
1004 2272 1214 2321 demum
1257 2274 1573 2338 ampliores,
1627 2274 1886 2323 diametro
1927 2273 2046 2323 sere

168 2346 583 2416 semipollicari‚
643 2344 710 2394 ob
750 2343 1074 2410 positionem
1112 2341 1505 2392 horizontalem
1543 2344 1596 2391 in
1634 2343 1846 2392 laciniis
1882 2343 2048 2393 verti-

167 2423 368 2474 calibus
403 2416 669 2483 obliquae,
708 2413 764 2462 in
803 2414 964 2463 dorso
1000 2412 1233 2477 excipuli
1268 2416 1434 2481 magis
1470 2430 1619 2481 quam
1656 2412 1848 2462 thallus
1883 2430 2045 2480 rugo-

165 2508 288 2552 sae,
329 2486 512 2537 subtus
551 2484 689 2533 infra
727 2484 945 2533 thallum
979 2499 1136 2532 cavae
1175 2481 1407 2544 inflatae,
1448 2483 1638 2532 exinde
1671 2485 1754 2544 (ut
1792 2482 1847 2530 in
1882 2485 2047 2532 Par-

166 2559 372 2613 melia
421 2555 783 2622 perforata
829 2552 1023 2613 Aah.)
1063 2552 1271 2600 demum
1308 2552 1485 2602 medio
1534 2553 1842 2619 porsoratae
1879 2564 1932 2601 et
1971 2552 2045 2601 la-

167 2623 609 2694 cero-plicatae(
665 2624 858 2672 Discus
898 2622 1094 2671 indolis
1140 2621 1256 2670 fere
1294 2638 1515 2683 cereae,
1563 2620 2047 2671 livescenti-rufo-

164 2703 349 2754 fuscus
401 2708 453 2745 et
490 2693 807 2751 maculatus,
863 2691 1191 2758 inaequaliS‚
1239 2691 1464 2741 subinde
1519 2709 1780 2756 porosus‚
1835 2691 1893 2740 in
1927 2691 2047 2739 aliis

167 2769 385 2823 omnino
424 2763 706 2822 deficiens,
762 2763 837 2810 uti
874 2762 1113 2818 videtur,
1155 2761 1217 2809 ab
1256 2761 1478 2811 insectis
1515 2778 1784 2812 corrosus.
1857 2763 2044 2827 Margo

167 2835 404 2904 excipuli
445 2846 564 2884 ante
603 2834 803 2882 discum
840 2849 948 2881 non
986 2831 1315 2897 prominens,

311 2903 510 2955 Crescit
571 2908 628 2952 ὶη
676 2899 919 2952 Brasilia
981 2899 1320 2950 meridionali
1388 2897 1632 2965 (Sellow.
1684 2897 1849 2950 Herb.
1905 2897 2044 2968 Reg.

167 2975 406 3042 Berol.).

714 3119 939 3168 SECTIO
982 3120 1064 3164 IX.
1135 3118 1500 3166 EVERNIA.

310 3248 574 3310 Evernia,
614 3245 760 3316 Syst.
799 3245 956 3298 Liclz.
1004 3265 1059 3314 p.
1096 3247 1180 3302 23.

312 3343 554 3398 Usneae,
594 3332 795 3405 Hoffin.
833 3333 921 3385 Fl.
962 3334 1139 3388 Germ.
1172 3355 1225 3403 p.
1273 3335 1387 3396 132,
1427 3337 1638 3403 speeies
1676 3333 2044 3385 inarticulatae

380 3409 641 3476 plurimae
698 3420 751 3457 et
819 3407 1127 3456 articulatae
1176 3406 1478 3456 nonnullae.
1559 3405 1848 3467 Lobaiiae,
1911 3416 2045 3454 sect.

377 3479 702 3532 Platismatis
737 3476 904 3542 ejusd.
939 3475 975 3526 l.
1014 3494 1061 3526 c.
1099 3493 1244 3545 spec.
1283 3477 1589 3528 nonnullae.
