<?xml version="1.0" encoding="UTF-8"?>
<!DOCTYPE html PUBLIC "-//W3C//DTD XHTML 1.0 Transitional//EN"
    "http://www.w3.org/TR/xhtml1/DTD/xhtml1-transitional.dtd">
<html xmlns="http://www.w3.org/1999/xhtml" xml:lang="en" lang="en">
 <head>
  <title>
</title>
<meta http-equiv="Content-Type" content="text/html;charset=utf-8" />
  <meta name='ocr-system' content='tesseract 3.04.00' />
  <meta name='ocr-capabilities' content='ocr_page ocr_carea ocr_par ocr_line ocrx_word'/>
</head>
<body>
  <div class='ocr_page' id='page_1' title='image "./florabrasiliensi01mart_0089.png"; bbox 0 0 2163 3852; ppageno 0'>
   <div class='ocr_carea' id='block_1_1' title="bbox 746 111 1993 168">
    <p class='ocr_par' dir='ltr' id='par_1_1' title="bbox 746 111 1993 168">
     <span class='ocr_line' id='line_1_1' title="bbox 746 111 1993 168; baseline -0.004 0"><span class='ocrx_word' id='word_1_1' title='bbox 746 117 1049 168; x_wconf 70' lang='lat' dir='ltr'>Licmmns.</span> <span class='ocrx_word' id='word_1_2' title='bbox 1085 115 1356 167; x_wconf 59' lang='lat' dir='ltr'>Gaurus.</span> <span class='ocrx_word' id='word_1_3' title='bbox 1923 111 1993 163; x_wconf 91' lang='lat'>77</span> 
     </span>
    </p>
   </div>
   <div class='ocr_carea' id='block_1_2' title="bbox 111 260 1994 476">
    <p class='ocr_par' dir='ltr' id='par_1_2' title="bbox 111 260 1994 476">
     <span class='ocr_line' id='line_1_2' title="bbox 251 260 1994 335; baseline -0.005 -16"><span class='ocrx_word' id='word_1_4' title='bbox 251 269 360 320; x_wconf 87' lang='lat' dir='ltr'>Gr.</span> <span class='ocrx_word' id='word_1_5' title='bbox 410 267 710 330; x_wconf 73' lang='lat' dir='ltr'>Comma,</span> <span class='ocrx_word' id='word_1_6' title='bbox 774 266 1263 335; x_wconf 74' lang='lat' dir='ltr'>sigmoidea3l·</span> <span class='ocrx_word' id='word_1_7' title='bbox 1314 275 1494 317; x_wconf 88' lang='lat' dir='ltr'>crusta</span> <span class='ocrx_word' id='word_1_8' title='bbox 1547 262 1697 314; x_wconf 86' lang='lat' dir='ltr'>tenui</span> <span class='ocrx_word' id='word_1_9' title='bbox 1743 260 1994 313; x_wconf 86' lang='lat' dir='ltr'>sublami-</span> 
     </span>
     <span class='ocr_line' id='line_1_3' title="bbox 111 331 1993 404; baseline -0.004 -16"><span class='ocrx_word' id='word_1_10' title='bbox 111 355 242 389; x_wconf 86' lang='lat' dir='ltr'>nosa</span> <span class='ocrx_word' id='word_1_11' title='bbox 290 351 347 388; x_wconf 80' lang='lat' dir='ltr'>et</span> <span class='ocrx_word' id='word_1_12' title='bbox 393 337 747 404; x_wconf 85' lang='lat' dir='ltr'>subpruinosa</span> <span class='ocrx_word' id='word_1_13' title='bbox 794 337 988 397; x_wconf 78' lang='lat' dir='ltr'>lactea,</span> <span class='ocrx_word' id='word_1_14' title='bbox 1057 337 1360 403; x_wconf 87' lang='lat' dir='ltr'>apotheciis</span> <span class='ocrx_word' id='word_1_15' title='bbox 1420 335 1685 403; x_wconf 83' lang='lat' dir='ltr'>elongatis</span> <span class='ocrx_word' id='word_1_16' title='bbox 1738 331 1993 383; x_wconf 84' lang='lat' dir='ltr'>flexuosis</span> 
     </span>
     <span class='ocr_line' id='line_1_4' title="bbox 112 407 1746 476; baseline -0.003 -18"><span class='ocrx_word' id='word_1_17' title='bbox 112 408 451 475; x_wconf 85' lang='lat' dir='ltr'>simplicibus</span> <span class='ocrx_word' id='word_1_18' title='bbox 488 408 851 476; x_wconf 55' lang='lat' dir='ltr'>salvatisque,</span> <span class='ocrx_word' id='word_1_19' title='bbox 890 407 1131 476; x_wconf 82' lang='lat' dir='ltr'>margine</span> <span class='ocrx_word' id='word_1_20' title='bbox 1162 407 1396 456; x_wconf 85' lang='lat' dir='ltr'>thallode</span> <span class='ocrx_word' id='word_1_21' title='bbox 1434 407 1746 456; x_wconf 88' lang='lat' dir='ltr'>incrassato.</span> 
     </span>
    </p>
   </div>
   <div class='ocr_carea' id='block_1_3' title="bbox 98 493 1994 898">
    <p class='ocr_par' dir='ltr' id='par_1_3' title="bbox 98 493 1994 898">
     <span class='ocr_line' id='line_1_5' title="bbox 243 493 1993 558; baseline -0.004 -12"><span class='ocrx_word' id='word_1_22' title='bbox 243 497 460 546; x_wconf 84' lang='lat' dir='ltr'><strong>Thallus</strong></span> <span class='ocrx_word' id='word_1_23' title='bbox 504 507 812 546; x_wconf 88' lang='lat' dir='ltr'>crustaceus</span> <span class='ocrx_word' id='word_1_24' title='bbox 853 497 909 546; x_wconf 90' lang='lat' dir='ltr'>in</span> <span class='ocrx_word' id='word_1_25' title='bbox 945 495 1146 546; x_wconf 87' lang='lat' dir='ltr'>nostris</span> <span class='ocrx_word' id='word_1_26' title='bbox 1194 512 1314 544; x_wconf 88' lang='lat' dir='ltr'>cum</span> <span class='ocrx_word' id='word_1_27' title='bbox 1359 497 1567 546; x_wconf 88' lang='lat' dir='ltr'>cortice</span> <span class='ocrx_word' id='word_1_28' title='bbox 1622 493 1894 558; x_wconf 82' lang='lat' dir='ltr'>disruptus</span> <span class='ocrx_word' id='word_1_29' title='bbox 1937 499 1993 540; x_wconf 89' lang='lat' dir='ltr'>et</span> 
     </span>
     <span class='ocr_line' id='line_1_6' title="bbox 106 559 1994 633; baseline -0.004 -17"><span class='ocrx_word' id='word_1_30' title='bbox 106 566 674 616; x_wconf 82' lang='lat' dir='ltr'>areolato-rimulosus.</span> <span class='ocrx_word' id='word_1_31' title='bbox 749 567 1048 633; x_wconf 87' lang='lat' dir='ltr'>Apothecia</span> <span class='ocrx_word' id='word_1_32' title='bbox 1089 566 1369 626; x_wconf 85' lang='lat' dir='ltr'>immersa,</span> <span class='ocrx_word' id='word_1_33' title='bbox 1422 566 1573 615; x_wconf 83' lang='lat' dir='ltr'>valde</span> <span class='ocrx_word' id='word_1_34' title='bbox 1604 563 1874 622; x_wconf 82' lang='lat' dir='ltr'>flexuosa,</span> <span class='ocrx_word' id='word_1_35' title='bbox 1912 559 1994 626; x_wconf 88' lang='lat' dir='ltr'>ju-</span> 
     </span>
     <span class='ocr_line' id='line_1_7' title="bbox 106 631 1993 704; baseline -0.004 -19"><span class='ocrx_word' id='word_1_36' title='bbox 106 637 260 685; x_wconf 86' lang='lat' dir='ltr'>niora</span> <span class='ocrx_word' id='word_1_37' title='bbox 293 639 578 704; x_wconf 87' lang='lat' dir='ltr'>pruinosa,</span> <span class='ocrx_word' id='word_1_38' title='bbox 620 636 742 685; x_wconf 88' lang='lat' dir='ltr'>dein</span> <span class='ocrx_word' id='word_1_39' title='bbox 772 636 1102 704; x_wconf 80' lang='lat' dir='ltr'>marginibus</span> <span class='ocrx_word' id='word_1_40' title='bbox 1136 637 1376 702; x_wconf 87' lang='lat' dir='ltr'>propriis</span> <span class='ocrx_word' id='word_1_41' title='bbox 1414 635 1696 685; x_wconf 85' lang='lat' dir='ltr'>denudatis</span> <span class='ocrx_word' id='word_1_42' title='bbox 1737 632 1867 683; x_wconf 82' lang='lat' dir='ltr'>atris</span> <span class='ocrx_word' id='word_1_43' title='bbox 1913 631 1993 679; x_wconf 90' lang='lat' dir='ltr'>ni-</span> 
     </span>
     <span class='ocr_line' id='line_1_8' title="bbox 103 705 1991 777; baseline -0.002 -23"><span class='ocrx_word' id='word_1_44' title='bbox 103 706 266 764; x_wconf 83' lang='lat' dir='ltr'>tidis,</span> <span class='ocrx_word' id='word_1_45' title='bbox 307 708 545 777; x_wconf 78' lang='lat' dir='ltr'>margine</span> <span class='ocrx_word' id='word_1_46' title='bbox 575 706 807 757; x_wconf 81' lang='lat' dir='ltr'>thallode</span> <span class='ocrx_word' id='word_1_47' title='bbox 835 707 983 758; x_wconf 89' lang='lat' dir='ltr'>vario</span> <span class='ocrx_word' id='word_1_48' title='bbox 1008 706 1307 772; x_wconf 85' lang='lat' dir='ltr'>depresso-</span> <span class='ocrx_word' id='word_1_49' title='bbox 1326 706 1545 755; x_wconf 87' lang='lat' dir='ltr'>dilatato</span> <span class='ocrx_word' id='word_1_50' title='bbox 1584 705 1669 756; x_wconf 90' lang='lat' dir='ltr'>vel</span> <span class='ocrx_word' id='word_1_51' title='bbox 1695 705 1991 754; x_wconf 84' lang='lat' dir='ltr'>incrassato</span> 
     </span>
     <span class='ocr_line' id='line_1_9' title="bbox 102 774 1992 842; baseline -0.002 -17"><span class='ocrx_word' id='word_1_52' title='bbox 102 776 386 828; x_wconf 89' lang='lat' dir='ltr'>tumidulo.</span> <span class='ocrx_word' id='word_1_53' title='bbox 460 777 831 827; x_wconf 88' lang='lat' dir='ltr'>Perithecium</span> <span class='ocrx_word' id='word_1_54' title='bbox 867 777 1089 828; x_wconf 89' lang='lat' dir='ltr'>laterale</span> <span class='ocrx_word' id='word_1_55' title='bbox 1128 787 1321 839; x_wconf 87' lang='lat' dir='ltr'>tenue,</span> <span class='ocrx_word' id='word_1_56' title='bbox 1362 793 1571 826; x_wconf 85' lang='lat' dir='ltr'>sursum</span> <span class='ocrx_word' id='word_1_57' title='bbox 1595 792 1783 842; x_wconf 88' lang='lat' dir='ltr'>parum</span> <span class='ocrx_word' id='word_1_58' title='bbox 1814 774 1992 823; x_wconf 84' lang='lat' dir='ltr'>incur-</span> 
     </span>
     <span class='ocr_line' id='line_1_10' title="bbox 98 857 301 898; baseline -0.015 0"><span class='ocrx_word' id='word_1_59' title='bbox 98 857 301 898; x_wconf 57' lang='lat' dir='ltr'>vatum,</span> 
     </span>
    </p>
   </div>
   <div class='ocr_carea' id='block_1_4' title="bbox 98 925 1988 1145">
    <p class='ocr_par' dir='ltr' id='par_1_4' title="bbox 98 925 1988 1145">
     <span class='ocr_line' id='line_1_11' title="bbox 242 925 1988 1004; baseline -0.003 -21"><span class='ocrx_word' id='word_1_60' title='bbox 242 932 446 984; x_wconf 82' lang='lat' dir='ltr'>Crescit</span> <span class='ocrx_word' id='word_1_61' title='bbox 487 933 541 983; x_wconf 85' lang='lat' dir='ltr'>in</span> <span class='ocrx_word' id='word_1_62' title='bbox 580 933 778 983; x_wconf 81' lang='lat' dir='ltr'>cortice</span> <span class='ocrx_word' id='word_1_63' title='bbox 827 934 1084 985; x_wconf 78' lang='lat' dir='ltr'>arborum</span> <span class='ocrx_word' id='word_1_64' title='bbox 1115 953 1286 1004; x_wconf 81' lang='lat' dir='ltr'><em>prope</em></span> <span class='ocrx_word' id='word_1_65' title='bbox 1322 931 1558 984; x_wconf 77' lang='lat' dir='ltr'>Balziam</span> <span class='ocrx_word' id='word_1_66' title='bbox 1595 925 1825 996; x_wconf 82' lang='lat' dir='ltr'>confinis</span> <span class='ocrx_word' id='word_1_67' title='bbox 1862 926 1988 978; x_wconf 76' lang='lat' dir='ltr'>Me-</span> 
     </span>
     <span class='ocr_line' id='line_1_12' title="bbox 98 998 1985 1072; baseline -0.004 -18"><span class='ocrx_word' id='word_1_68' title='bbox 98 1004 327 1057; x_wconf 77' lang='lat' dir='ltr'>dusalae</span> <span class='ocrx_word' id='word_1_69' title='bbox 345 1003 675 1065; x_wconf 77' lang='lat' dir='ltr'>isabellincte,</span> <span class='ocrx_word' id='word_1_70' title='bbox 719 1005 1076 1056; x_wconf 71' lang='lat' dir='ltr'>Verrucariae</span> <span class='ocrx_word' id='word_1_71' title='bbox 1105 1006 1503 1056; x_wconf 79' lang='lat' dir='ltr'>circumscissae</span> <span class='ocrx_word' id='word_1_72' title='bbox 1530 1013 1581 1054; x_wconf 85' lang='lat' dir='ltr'>et</span> <span class='ocrx_word' id='word_1_73' title='bbox 1623 998 1985 1072; x_wconf 81' lang='lat' dir='ltr'>praecedenti,</span> 
     </span>
     <span class='ocr_line' id='line_1_13' title="bbox 98 1071 1599 1145; baseline 0.001 -20"><span class='ocrx_word' id='word_1_74' title='bbox 98 1076 219 1127; x_wconf 82' lang='lat' dir='ltr'>dein</span> <span class='ocrx_word' id='word_1_75' title='bbox 240 1093 412 1145; x_wconf 84' lang='lat' dir='ltr'>prope</span> <span class='ocrx_word' id='word_1_76' title='bbox 443 1072 715 1125; x_wconf 62' lang='lat' dir='ltr'>Ilffaracas</span> <span class='ocrx_word' id='word_1_77' title='bbox 746 1071 978 1141; x_wconf 58' lang='lat' dir='ltr'>corilinis</span> <span class='ocrx_word' id='word_1_78' title='bbox 1006 1077 1199 1127; x_wconf 79' lang='lat' dir='ltr'>iterum</span> <span class='ocrx_word' id='word_1_79' title='bbox 1232 1074 1599 1145; x_wconf 78' lang='lat' dir='ltr'>praecedenti.</span> 
     </span>
    </p>
   </div>
   <div class='ocr_carea' id='block_1_5' title="bbox 90 1160 1988 1643">
    <p class='ocr_par' dir='ltr' id='par_1_5' title="bbox 90 1160 1988 1643">
     <span class='ocr_line' id='line_1_14' title="bbox 234 1160 1988 1218; baseline -0.007 0"><span class='ocrx_word' id='word_1_80' title='bbox 234 1168 283 1218; x_wconf 93' lang='lat' dir='ltr'>A</span> <span class='ocrx_word' id='word_1_81' title='bbox 300 1165 379 1215; x_wconf 84' lang='lat' dir='ltr'>dn</span> <span class='ocrx_word' id='word_1_82' title='bbox 397 1183 427 1214; x_wconf 92' lang='lat' dir='ltr'>o</span> <span class='ocrx_word' id='word_1_83' title='bbox 445 1176 485 1214; x_wconf 90' lang='lat' dir='ltr'>t.</span> <span class='ocrx_word' id='word_1_84' title='bbox 569 1166 850 1214; x_wconf 86' lang='lat' dir='ltr'>Transitus</span> <span class='ocrx_word' id='word_1_85' title='bbox 904 1166 1040 1216; x_wconf 82' lang='lat' dir='ltr'>hanc</span> <span class='ocrx_word' id='word_1_86' title='bbox 1082 1167 1400 1218; x_wconf 86' lang='lat' dir='ltr'>varietatem</span> <span class='ocrx_word' id='word_1_87' title='bbox 1455 1166 1600 1214; x_wconf 88' lang='lat' dir='ltr'>inter</span> <span class='ocrx_word' id='word_1_88' title='bbox 1656 1173 1710 1212; x_wconf 92' lang='lat' dir='ltr'>et</span> <span class='ocrx_word' id='word_1_89' title='bbox 1758 1160 1988 1210; x_wconf 82' lang='lat' dir='ltr'>sormam</span> 
     </span>
     <span class='ocr_line' id='line_1_15' title="bbox 94 1230 1986 1306; baseline -0.006 -18"><span class='ocrx_word' id='word_1_90' title='bbox 94 1236 512 1306; x_wconf 82' lang='lat' dir='ltr'>praecedentem</span> <span class='ocrx_word' id='word_1_91' title='bbox 542 1235 597 1284; x_wconf 91' lang='lat' dir='ltr'>in</span> <span class='ocrx_word' id='word_1_92' title='bbox 628 1247 858 1305; x_wconf 86' lang='lat' dir='ltr'>utroque</span> <span class='ocrx_word' id='word_1_93' title='bbox 888 1237 1012 1287; x_wconf 92' lang='lat' dir='ltr'>loco</span> <span class='ocrx_word' id='word_1_94' title='bbox 1043 1238 1207 1286; x_wconf 80' lang='lat' dir='ltr'>natali</span> <span class='ocrx_word' id='word_1_95' title='bbox 1230 1255 1335 1287; x_wconf 91' lang='lat' dir='ltr'>non</span> <span class='ocrx_word' id='word_1_96' title='bbox 1366 1237 1584 1294; x_wconf 81' lang='lat' dir='ltr'>desunt,</span> <span class='ocrx_word' id='word_1_97' title='bbox 1639 1234 1769 1281; x_wconf 89' lang='lat' dir='ltr'>licet</span> <span class='ocrx_word' id='word_1_98' title='bbox 1814 1230 1986 1280; x_wconf 84' lang='lat' dir='ltr'>varie-</span> 
     </span>
     <span class='ocr_line' id='line_1_16' title="bbox 91 1302 1983 1374; baseline -0.006 -16"><span class='ocrx_word' id='word_1_99' title='bbox 91 1308 217 1358; x_wconf 84' lang='lat' dir='ltr'>tatis</span> <span class='ocrx_word' id='word_1_100' title='bbox 251 1306 534 1374; x_wconf 85' lang='lat' dir='ltr'>apotheeia</span> <span class='ocrx_word' id='word_1_101' title='bbox 587 1306 763 1374; x_wconf 85' lang='lat' dir='ltr'>quoad</span> <span class='ocrx_word' id='word_1_102' title='bbox 801 1306 1028 1356; x_wconf 86' lang='lat' dir='ltr'>formam</span> <span class='ocrx_word' id='word_1_103' title='bbox 1079 1307 1408 1368; x_wconf 80' lang='lat' dir='ltr'>exteriorem</span> <span class='ocrx_word' id='word_1_104' title='bbox 1447 1306 1625 1371; x_wconf 86' lang='lat' dir='ltr'>potius</span> <span class='ocrx_word' id='word_1_105' title='bbox 1675 1303 1781 1351; x_wconf 88' lang='lat' dir='ltr'>illis</span> <span class='ocrx_word' id='word_1_106' title='bbox 1827 1302 1913 1351; x_wconf 88' lang='lat' dir='ltr'>Gr</span> <span class='ocrx_word' id='word_1_107' title='bbox 1928 1317 1983 1347; x_wconf 88' lang='lat' dir='ltr'>a-</span> 
     </span>
     <span class='ocr_line' id='line_1_17' title="bbox 92 1372 1981 1446; baseline -0.005 -20"><span class='ocrx_word' id='word_1_108' title='bbox 92 1377 340 1446; x_wconf 82' lang='lat' dir='ltr'>phidis</span> <span class='ocrx_word' id='word_1_109' title='bbox 378 1377 838 1441; x_wconf 81' lang='lat' dir='ltr'>serpentinae</span> <span class='ocrx_word' id='word_1_110' title='bbox 866 1377 1041 1437; x_wconf 66' lang='lat' dir='ltr'>Aah„</span> <span class='ocrx_word' id='word_1_111' title='bbox 1083 1378 1267 1445; x_wconf 86' lang='lat' dir='ltr'>(quam</span> <span class='ocrx_word' id='word_1_112' title='bbox 1293 1379 1401 1428; x_wconf 89' lang='lat' dir='ltr'>Gr.</span> <span class='ocrx_word' id='word_1_113' title='bbox 1439 1372 1981 1442; x_wconf 87' lang='lat' dir='ltr'>pulverulentae</span> 
     </span>
     <span class='ocr_line' id='line_1_18' title="bbox 90 1445 1982 1512; baseline -0.006 -14"><span class='ocrx_word' id='word_1_114' title='bbox 90 1445 578 1506; x_wconf 82' lang='lat' dir='ltr'>adnumeravimus)</span> <span class='ocrx_word' id='word_1_115' title='bbox 599 1482 611 1506; x_wconf 92' lang='lat'><strong>‚</strong></span> <span class='ocrx_word' id='word_1_116' title='bbox 672 1445 869 1494; x_wconf 87' lang='lat' dir='ltr'>similia</span> <span class='ocrx_word' id='word_1_117' title='bbox 926 1448 1048 1497; x_wconf 90' lang='lat' dir='ltr'>sint.</span> <span class='ocrx_word' id='word_1_118' title='bbox 1123 1450 1328 1497; x_wconf 84' lang='lat' dir='ltr'>Forsan</span> <span class='ocrx_word' id='word_1_119' title='bbox 1378 1447 1493 1512; x_wconf 85' lang='lat' dir='ltr'>ipsa</span> <span class='ocrx_word' id='word_1_120' title='bbox 1547 1446 1594 1495; x_wconf 91' lang='lat' dir='ltr'><strong>G</strong></span> <span class='ocrx_word' id='word_1_121' title='bbox 1612 1461 1653 1490; x_wconf 87' lang='lat' dir='ltr'>r.</span> <span class='ocrx_word' id='word_1_122' title='bbox 1708 1445 1748 1492; x_wconf 89' lang='lat' dir='ltr'>C</span> <span class='ocrx_word' id='word_1_123' title='bbox 1769 1459 1799 1491; x_wconf 90' lang='lat' dir='ltr'>o</span> <span class='ocrx_word' id='word_1_124' title='bbox 1817 1458 1868 1488; x_wconf 90' lang='lat' dir='ltr'>m</span> <span class='ocrx_word' id='word_1_125' title='bbox 1884 1457 1935 1487; x_wconf 92' lang='lat' dir='ltr'>m</span> <span class='ocrx_word' id='word_1_126' title='bbox 1952 1456 1982 1487; x_wconf 87' lang='lat' dir='ltr'>a</span> 
     </span>
     <span class='ocr_line' id='line_1_19' title="bbox 91 1508 1982 1585; baseline -0.005 -17"><span class='ocrx_word' id='word_1_127' title='bbox 91 1519 137 1568; x_wconf 90' lang='lat' dir='ltr'>A</span> <span class='ocrx_word' id='word_1_128' title='bbox 154 1518 250 1566; x_wconf 85' lang='lat' dir='ltr'>ch.</span> <span class='ocrx_word' id='word_1_129' title='bbox 301 1515 426 1564; x_wconf 83' lang='lat' dir='ltr'>huic</span> <span class='ocrx_word' id='word_1_130' title='bbox 466 1515 720 1564; x_wconf 81' lang='lat' dir='ltr'>ulteriori</span> <span class='ocrx_word' id='word_1_131' title='bbox 764 1515 1131 1585; x_wconf 80' lang='lat' dir='ltr'>subjungenda</span> <span class='ocrx_word' id='word_1_132' title='bbox 1177 1528 1276 1568; x_wconf 86' lang='lat' dir='ltr'>est.</span> <span class='ocrx_word' id='word_1_133' title='bbox 1351 1517 1464 1569; x_wconf 76' lang='lat' dir='ltr'>Cl&#39;r.</span> <span class='ocrx_word' id='word_1_134' title='bbox 1508 1517 1668 1566; x_wconf 86' lang='lat' dir='ltr'>etiam</span> <span class='ocrx_word' id='word_1_135' title='bbox 1702 1512 1878 1562; x_wconf 78' lang='lat' dir='ltr'>adnot.</span> <span class='ocrx_word' id='word_1_136' title='bbox 1916 1508 1982 1560; x_wconf 77' lang='lat' dir='ltr'>ad</span> 
     </span>
     <span class='ocr_line' id='line_1_20' title="bbox 93 1585 1048 1643; baseline 0 -5"><span class='ocrx_word' id='word_1_137' title='bbox 93 1586 533 1643; x_wconf 85' lang='lat' dir='ltr'>Medusulam</span> <span class='ocrx_word' id='word_1_138' title='bbox 565 1585 1048 1639; x_wconf 84' lang='lat' dir='ltr'>isabellinam.</span> 
     </span>
    </p>
   </div>
   <div class='ocr_carea' id='block_1_6' title="bbox 613 1767 1460 1820">
    <p class='ocr_par' dir='ltr' id='par_1_6' title="bbox 613 1767 1460 1820">
     <span class='ocr_line' id='line_1_21' title="bbox 613 1767 1460 1820; baseline -0.007 -3"><span class='ocrx_word' id='word_1_139' title='bbox 613 1770 1028 1817; x_wconf 57' lang='lat' dir='ltr'>&amp;eamn-115</span> <span class='ocrx_word' id='word_1_140' title='bbox 1074 1776 1385 1819; x_wconf 73' lang='lat' dir='ltr'><strong>VENOSA.</strong></span> <span class='ocrx_word' id='word_1_141' title='bbox 1431 1767 1460 1820; x_wconf 80' lang='lat'><strong>†</strong></span> 
     </span>
    </p>
   </div>
   <div class='ocr_carea' id='block_1_7' title="bbox 83 1883 1980 2233">
    <p class='ocr_par' dir='ltr' id='par_1_7' title="bbox 83 1883 1980 2233">
     <span class='ocr_line' id='line_1_22' title="bbox 233 1883 1979 1958; baseline -0.005 -16"><span class='ocrx_word' id='word_1_142' title='bbox 233 1890 330 1942; x_wconf 85' lang='lat' dir='ltr'>Gr.</span> <span class='ocrx_word' id='word_1_143' title='bbox 369 1901 546 1941; x_wconf 87' lang='lat' dir='ltr'>crusta</span> <span class='ocrx_word' id='word_1_144' title='bbox 581 1889 1273 1958; x_wconf 87' lang='lat' dir='ltr'>laminoso-pulverulenta</span> <span class='ocrx_word' id='word_1_145' title='bbox 1314 1888 1615 1950; x_wconf 88' lang='lat' dir='ltr'>albissima,</span> <span class='ocrx_word' id='word_1_146' title='bbox 1678 1883 1979 1955; x_wconf 85' lang='lat' dir='ltr'>apotheciis</span> 
     </span>
     <span class='ocr_line' id='line_1_23' title="bbox 90 1958 1980 2030; baseline -0.004 -19"><span class='ocrx_word' id='word_1_147' title='bbox 90 1960 389 2012; x_wconf 83' lang='lat' dir='ltr'>linearibus</span> <span class='ocrx_word' id='word_1_148' title='bbox 416 1960 702 2024; x_wconf 73' lang='lat' dir='ltr'>flexuosiS,</span> <span class='ocrx_word' id='word_1_149' title='bbox 748 1979 868 2011; x_wconf 86' lang='lat' dir='ltr'>cum</span> <span class='ocrx_word' id='word_1_150' title='bbox 912 1963 1153 2030; x_wconf 81' lang='lat' dir='ltr'>margine</span> <span class='ocrx_word' id='word_1_151' title='bbox 1186 1961 1421 2011; x_wconf 82' lang='lat' dir='ltr'>thallode</span> <span class='ocrx_word' id='word_1_152' title='bbox 1470 1960 1621 2009; x_wconf 89' lang='lat' dir='ltr'>tenui</span> <span class='ocrx_word' id='word_1_153' title='bbox 1668 1958 1980 2026; x_wconf 81' lang='lat' dir='ltr'>prominen-</span> 
     </span>
     <span class='ocr_line' id='line_1_24' title="bbox 89 2025 1980 2100; baseline -0.004 -19"><span class='ocrx_word' id='word_1_154' title='bbox 89 2031 266 2093; x_wconf 87' lang='lat' dir='ltr'>tibus,</span> <span class='ocrx_word' id='word_1_155' title='bbox 308 2032 489 2080; x_wconf 87' lang='lat' dir='ltr'>densis</span> <span class='ocrx_word' id='word_1_156' title='bbox 520 2044 679 2100; x_wconf 88' lang='lat' dir='ltr'>atque</span> <span class='ocrx_word' id='word_1_157' title='bbox 713 2032 1050 2099; x_wconf 87' lang='lat' dir='ltr'>paralleliter</span> <span class='ocrx_word' id='word_1_158' title='bbox 1089 2050 1208 2083; x_wconf 82' lang='lat' dir='ltr'>sese</span> <span class='ocrx_word' id='word_1_159' title='bbox 1251 2029 1733 2097; x_wconf 82' lang='lat' dir='ltr'>amplectentibus3</span> <span class='ocrx_word' id='word_1_160' title='bbox 1773 2025 1980 2093; x_wconf 85' lang='lat' dir='ltr'>simpli-</span> 
     </span>
     <span class='ocr_line' id='line_1_25' title="bbox 90 2096 1974 2168; baseline -0.004 -17"><span class='ocrx_word' id='word_1_161' title='bbox 90 2102 240 2151; x_wconf 86' lang='lat' dir='ltr'>cibus</span> <span class='ocrx_word' id='word_1_162' title='bbox 293 2113 347 2151; x_wconf 88' lang='lat' dir='ltr'>et</span> <span class='ocrx_word' id='word_1_163' title='bbox 389 2104 678 2168; x_wconf 86' lang='lat' dir='ltr'>praecipue</span> <span class='ocrx_word' id='word_1_164' title='bbox 723 2102 787 2152; x_wconf 88' lang='lat' dir='ltr'>ad</span> <span class='ocrx_word' id='word_1_165' title='bbox 836 2103 1094 2152; x_wconf 88' lang='lat' dir='ltr'>ambitum</span> <span class='ocrx_word' id='word_1_166' title='bbox 1133 2102 1285 2154; x_wconf 88' lang='lat' dir='ltr'>thalli</span> <span class='ocrx_word' id='word_1_167' title='bbox 1340 2100 1689 2153; x_wconf 86' lang='lat' dir='ltr'>subfurcatim</span> <span class='ocrx_word' id='word_1_168' title='bbox 1727 2096 1974 2158; x_wconf 85' lang='lat' dir='ltr'>ramosis,</span> 
     </span>
     <span class='ocr_line' id='line_1_26' title="bbox 83 2171 1100 2233; baseline 0 -11"><span class='ocrx_word' id='word_1_169' title='bbox 83 2171 330 2223; x_wconf 84' lang='lat' dir='ltr'>nitidulis</span> <span class='ocrx_word' id='word_1_170' title='bbox 362 2174 517 2233; x_wconf 83' lang='lat' dir='ltr'>atriS‚</span> <span class='ocrx_word' id='word_1_171' title='bbox 560 2173 711 2223; x_wconf 84' lang='lat' dir='ltr'>disco</span> <span class='ocrx_word' id='word_1_172' title='bbox 749 2173 1100 2224; x_wconf 81' lang='lat' dir='ltr'>rimaeformi.</span> 
     </span>
    </p>
   </div>
   <div class='ocr_carea' id='block_1_8' title="bbox 228 2256 989 2329">
    <p class='ocr_par' dir='ltr' id='par_1_8' title="bbox 228 2256 989 2329">
     <span class='ocr_line' id='line_1_27' title="bbox 228 2256 989 2329; baseline 0.001 -20"><span class='ocrx_word' id='word_1_173' title='bbox 228 2259 364 2309; x_wconf 83' lang='lat' dir='ltr'>Icon</span> <span class='ocrx_word' id='word_1_174' title='bbox 383 2281 400 2308; x_wconf 85' lang='grc'>.-</span> <span class='ocrx_word' id='word_1_175' title='bbox 438 2256 585 2327; x_wconf 65' lang='grc' dir='ltr'><em>Ξγεΐ.</em></span> <span class='ocrx_word' id='word_1_176' title='bbox 618 2257 781 2311; x_wconf 75' lang='lat' dir='ltr'>Lich.</span> <span class='ocrx_word' id='word_1_177' title='bbox 799 2256 911 2329; x_wconf 76' lang='lat' dir='ltr'>fig.</span> <span class='ocrx_word' id='word_1_178' title='bbox 937 2261 989 2312; x_wconf 83' lang='lat'>3.</span> 
     </span>
    </p>
   </div>
   <div class='ocr_carea' id='block_1_9' title="bbox 71 2338 2047 3228">
    <p class='ocr_par' dir='ltr' id='par_1_9' title="bbox 223 2338 2047 2488">
     <span class='ocr_line' id='line_1_28' title="bbox 223 2338 2047 2416; baseline -0.005 -15"><span class='ocrx_word' id='word_1_179' title='bbox 223 2349 551 2416; x_wconf 83' lang='lat' dir='ltr'>Opegrapha</span> <span class='ocrx_word' id='word_1_180' title='bbox 584 2366 812 2410; x_wconf 83' lang='lat' dir='ltr'>venosa,</span> <span class='ocrx_word' id='word_1_181' title='bbox 851 2347 1002 2400; x_wconf 79' lang='lat' dir='ltr'>Pers.</span> <span class='ocrx_word' id='word_1_182' title='bbox 1040 2349 1190 2399; x_wconf 72' lang='lat' dir='ltr'>Acta</span> <span class='ocrx_word' id='word_1_183' title='bbox 1229 2347 1455 2400; x_wconf 70' lang='lat' dir='ltr'>I‘Vetter.</span> <span class='ocrx_word' id='word_1_184' title='bbox 1489 2343 1711 2398; x_wconf 76' lang='lat' dir='ltr'>Vol.‘II.</span> <span class='ocrx_word' id='word_1_185' title='bbox 1742 2361 1859 2410; x_wconf 56' lang='lat' dir='ltr'>up.</span> <span class='ocrx_word' id='word_1_186' title='bbox 1890 2342 1968 2394; x_wconf 83' lang='lat'>15.</span> <span class='ocrx_word' id='word_1_187' title='bbox 2043 2338 2047 2342; x_wconf 43' lang='lat'><strong>⁴</strong></span> 
     </span>
     <span class='ocr_line' id='line_1_29' title="bbox 292 2413 1831 2488; baseline -0.001 -21"><span class='ocrx_word' id='word_1_188' title='bbox 292 2420 404 2471; x_wconf 80' lang='lat' dir='ltr'>tab.</span> <span class='ocrx_word' id='word_1_189' title='bbox 442 2413 650 2487; x_wconf 77' lang='lat' dir='ltr'><em>10.fig.</em></span> <span class='ocrx_word' id='word_1_190' title='bbox 684 2436 731 2469; x_wconf 83' lang='lat'>2.</span> <span class='ocrx_word' id='word_1_191' title='bbox 771 2419 866 2468; x_wconf 69' lang='lat' dir='ltr'>eisc</span> <span class='ocrx_word' id='word_1_192' title='bbox 895 2418 1063 2488; x_wconf 80' lang='lat' dir='ltr'>Engl.</span> <span class='ocrx_word' id='word_1_193' title='bbox 1099 2420 1204 2469; x_wconf 79' lang='lat' dir='ltr'>bot.</span> <span class='ocrx_word' id='word_1_194' title='bbox 1253 2418 1368 2470; x_wconf 83' lang='lat' dir='ltr'><em>Vol.</em></span> <span class='ocrx_word' id='word_1_195' title='bbox 1400 2419 1486 2470; x_wconf 84' lang='lat'>35.</span> <span class='ocrx_word' id='word_1_196' title='bbox 1529 2416 1637 2466; x_wconf 76' lang='lat' dir='ltr'>tab.</span> <span class='ocrx_word' id='word_1_197' title='bbox 1675 2417 1831 2477; x_wconf 67' lang='lat'><strong>2454.</strong></span> 
     </span>
    </p>

    <p class='ocr_par' dir='ltr' id='par_1_10' title="bbox 218 2506 1447 2578">
     <span class='ocr_line' id='line_1_30' title="bbox 218 2506 1447 2578; baseline -0.002 -20"><span class='ocrx_word' id='word_1_198' title='bbox 218 2506 547 2576; x_wconf 84' lang='lat' dir='ltr'>Opegrapha</span> <span class='ocrx_word' id='word_1_199' title='bbox 570 2509 594 2558; x_wconf 77' lang='lat'>‘2</span> <span class='ocrx_word' id='word_1_200' title='bbox 635 2526 862 2572; x_wconf 77' lang='lat' dir='ltr'>venosa,</span> <span class='ocrx_word' id='word_1_201' title='bbox 903 2508 1045 2558; x_wconf 68' lang='lat' dir='ltr'>Aclz.</span> <span class='ocrx_word' id='word_1_202' title='bbox 1077 2506 1214 2577; x_wconf 74' lang='lat' dir='ltr'>Syn.</span> <span class='ocrx_word' id='word_1_203' title='bbox 1238 2527 1295 2578; x_wconf 91' lang='lat' dir='ltr'>p.</span> <span class='ocrx_word' id='word_1_204' title='bbox 1328 2508 1447 2569; x_wconf 74' lang='lat'><strong>354.</strong></span> 
     </span>
    </p>

    <p class='ocr_par' dir='ltr' id='par_1_11' title="bbox 71 2593 1968 3228">
     <span class='ocr_line' id='line_1_31' title="bbox 213 2593 1965 2664; baseline -0.003 -19"><span class='ocrx_word' id='word_1_205' title='bbox 213 2597 434 2647; x_wconf 85' lang='lat' dir='ltr'>Thallus</span> <span class='ocrx_word' id='word_1_206' title='bbox 477 2609 786 2647; x_wconf 86' lang='lat' dir='ltr'>crustaceus</span> <span class='ocrx_word' id='word_1_207' title='bbox 824 2599 1028 2658; x_wconf 87' lang='lat' dir='ltr'>tenuis,</span> <span class='ocrx_word' id='word_1_208' title='bbox 1082 2598 1263 2664; x_wconf 80' lang='lat' dir='ltr'>junior</span> <span class='ocrx_word' id='word_1_209' title='bbox 1297 2597 1622 2656; x_wconf 86' lang='lat' dir='ltr'>laminosus,</span> <span class='ocrx_word' id='word_1_210' title='bbox 1673 2593 1769 2644; x_wconf 91' lang='lat' dir='ltr'>sub</span> <span class='ocrx_word' id='word_1_211' title='bbox 1817 2593 1965 2642; x_wconf 87' lang='lat' dir='ltr'>lente</span> 
     </span>
     <span class='ocr_line' id='line_1_32' title="bbox 77 2662 1966 2735; baseline -0.003 -19"><span class='ocrx_word' id='word_1_212' title='bbox 77 2665 486 2730; x_wconf 80' lang='lat' dir='ltr'>tuberculosus,</span> <span class='ocrx_word' id='word_1_213' title='bbox 579 2668 789 2717; x_wconf 85' lang='lat' dir='ltr'>demum</span> <span class='ocrx_word' id='word_1_214' title='bbox 871 2670 1130 2735; x_wconf 79' lang='lat' dir='ltr'>pruinoso</span> <span class='ocrx_word' id='word_1_215' title='bbox 1164 2699 1183 2707; x_wconf 96' lang='lat'><em>-</em></span> <span class='ocrx_word' id='word_1_216' title='bbox 1218 2667 1653 2734; x_wconf 75' lang='lat' dir='ltr'>pulverulentuS,</span> <span class='ocrx_word' id='word_1_217' title='bbox 1728 2662 1966 2731; x_wconf 83' lang='lat' dir='ltr'>plagulas</span> 
     </span>
     <span class='ocr_line' id='line_1_33' title="bbox 77 2733 1966 2806; baseline -0.003 -21"><span class='ocrx_word' id='word_1_218' title='bbox 77 2752 346 2803; x_wconf 88' lang='lat' dir='ltr'>occupans</span> <span class='ocrx_word' id='word_1_219' title='bbox 376 2740 605 2803; x_wconf 86' lang='lat' dir='ltr'>majores</span> <span class='ocrx_word' id='word_1_220' title='bbox 650 2756 807 2806; x_wconf 86' lang='lat' dir='ltr'>quam</span> <span class='ocrx_word' id='word_1_221' title='bbox 858 2740 913 2787; x_wconf 89' lang='lat' dir='ltr'>in</span> <span class='ocrx_word' id='word_1_222' title='bbox 943 2740 1101 2789; x_wconf 90' lang='lat' dir='ltr'>icone</span> <span class='ocrx_word' id='word_1_223' title='bbox 1150 2739 1343 2798; x_wconf 87' lang='lat' dir='ltr'>citata,</span> <span class='ocrx_word' id='word_1_224' title='bbox 1398 2737 1524 2786; x_wconf 88' lang='lat' dir='ltr'>hinc</span> <span class='ocrx_word' id='word_1_225' title='bbox 1567 2735 1693 2785; x_wconf 81' lang='lat' dir='ltr'>inde</span> <span class='ocrx_word' id='word_1_226' title='bbox 1744 2733 1966 2793; x_wconf 81' lang='lat' dir='ltr'>effusus,</span> 
     </span>
     <span class='ocr_line' id='line_1_34' title="bbox 76 2803 1966 2876; baseline -0.001 -23"><span class='ocrx_word' id='word_1_227' title='bbox 76 2805 204 2854; x_wconf 84' lang='lat' dir='ltr'>alias</span> <span class='ocrx_word' id='word_1_228' title='bbox 236 2807 357 2857; x_wconf 89' lang='lat' dir='ltr'>loco</span> <span class='ocrx_word' id='word_1_229' title='bbox 384 2809 546 2857; x_wconf 86' lang='lat' dir='ltr'>natali</span> <span class='ocrx_word' id='word_1_230' title='bbox 579 2810 974 2858; x_wconf 84' lang='lat' dir='ltr'>convenienter</span> <span class='ocrx_word' id='word_1_231' title='bbox 1000 2810 1122 2870; x_wconf 80' lang='lat' dir='ltr'>(cfr.</span> <span class='ocrx_word' id='word_1_232' title='bbox 1162 2827 1321 2876; x_wconf 85' lang='lat' dir='ltr'>supra</span> <span class='ocrx_word' id='word_1_233' title='bbox 1343 2807 1571 2858; x_wconf 88' lang='lat' dir='ltr'>Observ.</span> <span class='ocrx_word' id='word_1_234' title='bbox 1608 2824 1661 2873; x_wconf 89' lang='lat' dir='ltr'>p.</span> <span class='ocrx_word' id='word_1_235' title='bbox 1692 2803 1803 2869; x_wconf 83' lang='lat'>63.)</span> <span class='ocrx_word' id='word_1_236' title='bbox 1830 2804 1966 2852; x_wconf 86' lang='lat' dir='ltr'>rima</span> 
     </span>
     <span class='ocr_line' id='line_1_35' title="bbox 72 2873 1968 2947; baseline -0.001 -25"><span class='ocrx_word' id='word_1_237' title='bbox 72 2873 349 2926; x_wconf 88' lang='lat' dir='ltr'>limitatus.</span> <span class='ocrx_word' id='word_1_238' title='bbox 426 2878 723 2944; x_wconf 86' lang='lat' dir='ltr'>Apothecia</span> <span class='ocrx_word' id='word_1_239' title='bbox 767 2875 1043 2947; x_wconf 79' lang='lat' dir='ltr'>eleganter</span> <span class='ocrx_word' id='word_1_240' title='bbox 1081 2897 1320 2937; x_wconf 85' lang='lat' dir='ltr'>ramosa,</span> <span class='ocrx_word' id='word_1_241' title='bbox 1373 2878 1428 2927; x_wconf 88' lang='lat' dir='ltr'>in</span> <span class='ocrx_word' id='word_1_242' title='bbox 1464 2877 1642 2926; x_wconf 84' lang='lat' dir='ltr'>medio</span> <span class='ocrx_word' id='word_1_243' title='bbox 1672 2874 1824 2925; x_wconf 85' lang='lat' dir='ltr'>thalli</span> <span class='ocrx_word' id='word_1_244' title='bbox 1853 2874 1968 2941; x_wconf 89' lang='lat' dir='ltr'>ple-</span> 
     </span>
     <span class='ocr_line' id='line_1_36' title="bbox 71 2943 1965 3016; baseline -0.001 -22"><span class='ocrx_word' id='word_1_245' title='bbox 71 2960 300 3015; x_wconf 86' lang='lat' dir='ltr'>rumque</span> <span class='ocrx_word' id='word_1_246' title='bbox 335 2947 626 3016; x_wconf 85' lang='lat' dir='ltr'>simplicia,</span> <span class='ocrx_word' id='word_1_247' title='bbox 675 2966 862 2999; x_wconf 86' lang='lat' dir='ltr'>versus</span> <span class='ocrx_word' id='word_1_248' title='bbox 901 2949 1157 2998; x_wconf 82' lang='lat' dir='ltr'>ambitum</span> <span class='ocrx_word' id='word_1_249' title='bbox 1192 2949 1356 2999; x_wconf 86' lang='lat' dir='ltr'>semel</span> <span class='ocrx_word' id='word_1_250' title='bbox 1391 2949 1475 2999; x_wconf 85' lang='lat' dir='ltr'>vel</span> <span class='ocrx_word' id='word_1_251' title='bbox 1504 2948 1589 2997; x_wconf 87' lang='lat' dir='ltr'>bis</span> <span class='ocrx_word' id='word_1_252' title='bbox 1634 2946 1838 2995; x_wconf 83' lang='lat' dir='ltr'>furcata</span> <span class='ocrx_word' id='word_1_253' title='bbox 1878 2943 1965 2998; x_wconf 85' lang='lat' dir='ltr'>vel</span> 
     </span>
     <span class='ocr_line' id='line_1_37' title="bbox 72 3014 1964 3085; baseline -0.001 -21"><span class='ocrx_word' id='word_1_254' title='bbox 72 3015 365 3067; x_wconf 84' lang='lat' dir='ltr'>tridentata</span> <span class='ocrx_word' id='word_1_255' title='bbox 396 3030 450 3067; x_wconf 93' lang='lat' dir='ltr'>et</span> <span class='ocrx_word' id='word_1_256' title='bbox 495 3019 822 3079; x_wconf 81' lang='lat' dir='ltr'>subradiata‚</span> <span class='ocrx_word' id='word_1_257' title='bbox 872 3020 928 3068; x_wconf 88' lang='lat' dir='ltr'>in</span> <span class='ocrx_word' id='word_1_258' title='bbox 971 3019 1076 3069; x_wconf 89' lang='lat' dir='ltr'>fine</span> <span class='ocrx_word' id='word_1_259' title='bbox 1134 3020 1427 3085; x_wconf 83' lang='lat' dir='ltr'>cuspidata.</span> <span class='ocrx_word' id='word_1_260' title='bbox 1502 3016 1868 3067; x_wconf 76' lang='lat' dir='ltr'>Perithecium</span> <span class='ocrx_word' id='word_1_261' title='bbox 1907 3014 1964 3062; x_wconf 90' lang='lat' dir='ltr'>in</span> 
     </span>
     <span class='ocr_line' id='line_1_38' title="bbox 75 3086 1964 3157; baseline 0.001 -24"><span class='ocrx_word' id='word_1_262' title='bbox 75 3086 321 3136; x_wconf 87' lang='lat' dir='ltr'>sectione</span> <span class='ocrx_word' id='word_1_263' title='bbox 367 3089 612 3139; x_wconf 86' lang='lat' dir='ltr'>verticali</span> <span class='ocrx_word' id='word_1_264' title='bbox 645 3090 858 3156; x_wconf 81' lang='lat' dir='ltr'>saepius</span> <span class='ocrx_word' id='word_1_265' title='bbox 903 3089 1018 3138; x_wconf 88' lang='lat' dir='ltr'>basi</span> <span class='ocrx_word' id='word_1_266' title='bbox 1060 3090 1448 3157; x_wconf 76' lang='lat' dir='ltr'>subintegrum.</span> <span class='ocrx_word' id='word_1_267' title='bbox 1523 3089 1738 3138; x_wconf 90' lang='lat' dir='ltr'>Thecae</span> <span class='ocrx_word' id='word_1_268' title='bbox 1767 3101 1964 3153; x_wconf 84' lang='lat' dir='ltr'>parvae</span> 
     </span>
     <span class='ocr_line' id='line_1_39' title="bbox 72 3154 1895 3228; baseline 0 -24"><span class='ocrx_word' id='word_1_269' title='bbox 72 3154 763 3224; x_wconf 85' lang='lat' dir='ltr'>fusiformi-cylindricae,</span> <span class='ocrx_word' id='word_1_270' title='bbox 805 3159 1096 3228; x_wconf 82' lang='lat' dir='ltr'>quinquies</span> <span class='ocrx_word' id='word_1_271' title='bbox 1135 3161 1205 3210; x_wconf 83' lang='lat' dir='ltr'>od</span> <span class='ocrx_word' id='word_1_272' title='bbox 1250 3158 1564 3227; x_wconf 87' lang='lat' dir='ltr'>quindecies</span> <span class='ocrx_word' id='word_1_273' title='bbox 1597 3156 1895 3206; x_wconf 82' lang='lat' dir='ltr'>annulatae.</span> 
     </span>
    </p>
   </div>
   <div class='ocr_carea' id='block_1_10' title="bbox 67 3241 1961 3451">
    <p class='ocr_par' dir='ltr' id='par_1_12' title="bbox 67 3241 1961 3451">
     <span class='ocr_line' id='line_1_40' title="bbox 220 3241 1957 3316; baseline -0.003 -23"><span class='ocrx_word' id='word_1_274' title='bbox 220 3242 421 3294; x_wconf 80' lang='lat' dir='ltr'>Crescit</span> <span class='ocrx_word' id='word_1_275' title='bbox 476 3246 530 3295; x_wconf 87' lang='lat' dir='ltr'>in</span> <span class='ocrx_word' id='word_1_276' title='bbox 587 3247 843 3296; x_wconf 77' lang='lat' dir='ltr'>arborum</span> <span class='ocrx_word' id='word_1_277' title='bbox 901 3247 1398 3316; x_wconf 70' lang='lat' dir='ltr'>sempereirentium</span> <span class='ocrx_word' id='word_1_278' title='bbox 1460 3245 1658 3296; x_wconf 85' lang='lat' dir='ltr'>cortice</span> <span class='ocrx_word' id='word_1_279' title='bbox 1715 3241 1957 3292; x_wconf 80' lang='lat' dir='ltr'>vz&#39;alaceo</span> 
     </span>
     <span class='ocr_line' id='line_1_41' title="bbox 67 3309 1961 3386; baseline 0.002 -25"><span class='ocrx_word' id='word_1_280' title='bbox 67 3329 240 3380; x_wconf 77' lang='lat' dir='ltr'>prope</span> <span class='ocrx_word' id='word_1_281' title='bbox 259 3312 498 3365; x_wconf 76' lang='lat' dir='ltr'>Bahiccm</span> <span class='ocrx_word' id='word_1_282' title='bbox 527 3313 758 3381; x_wconf 75' lang='lat' dir='ltr'>confinis</span> <span class='ocrx_word' id='word_1_283' title='bbox 785 3317 1039 3367; x_wconf 76' lang='lat' dir='ltr'>varietati</span> <span class='ocrx_word' id='word_1_284' title='bbox 1067 3317 1325 3386; x_wconf 73' lang='lat' dir='ltr'>sequenti,</span> <span class='ocrx_word' id='word_1_285' title='bbox 1369 3311 1634 3386; x_wconf 74' lang='lat' dir='ltr'>Graphidi</span> <span class='ocrx_word' id='word_1_286' title='bbox 1654 3309 1961 3381; x_wconf 77' lang='lat' dir='ltr'>scaplzellae</span> 
     </span>
     <span class='ocr_line' id='line_1_42' title="bbox 72 3385 1381 3451; baseline 0.006 -22"><span class='ocrx_word' id='word_1_287' title='bbox 72 3400 190 3432; x_wconf 80' lang='lat' dir='ltr'>var.</span> <span class='ocrx_word' id='word_1_288' title='bbox 226 3385 490 3451; x_wconf 79' lang='lat' dir='ltr'>gemellae</span> <span class='ocrx_word' id='word_1_289' title='bbox 528 3396 579 3437; x_wconf 84' lang='lat' dir='ltr'>et</span> <span class='ocrx_word' id='word_1_290' title='bbox 619 3388 974 3440; x_wconf 77' lang='lat' dir='ltr'>Verrueariae,</span> <span class='ocrx_word' id='word_1_291' title='bbox 1010 3387 1381 3438; x_wconf 78' lang='lat' dir='ltr'>oclzrolezzcae.</span> 
     </span>
    </p>
   </div>
   <div class='ocr_carea' id='block_1_11' title="bbox 42 3468 1960 3617">
    <p class='ocr_par' dir='ltr' id='par_1_13' title="bbox 42 3468 1960 3617">
     <span class='ocr_line' id='line_1_43' title="bbox 212 3468 1960 3544; baseline -0.001 -23"><span class='ocrx_word' id='word_1_292' title='bbox 212 3473 459 3527; x_wconf 83' lang='lat' dir='ltr'>Adnot.</span> <span class='ocrx_word' id='word_1_293' title='bbox 533 3477 720 3526; x_wconf 79' lang='lat' dir='ltr'>Planta</span> <span class='ocrx_word' id='word_1_294' title='bbox 751 3476 959 3544; x_wconf 82' lang='lat' dir='ltr'>anglica</span> <span class='ocrx_word' id='word_1_295' title='bbox 1001 3478 1160 3527; x_wconf 81' lang='lat' dir='ltr'>citata</span> <span class='ocrx_word' id='word_1_296' title='bbox 1205 3477 1274 3532; x_wconf 82' lang='lat' dir='ltr'>ob</span> <span class='ocrx_word' id='word_1_297' title='bbox 1306 3474 1665 3543; x_wconf 87' lang='lat' dir='ltr'>perithecium</span> <span class='ocrx_word' id='word_1_298' title='bbox 1703 3468 1960 3536; x_wconf 84' lang='lat' dir='ltr'>cylindri-</span> 
     </span>
     <span class='ocr_line' id='line_1_44' title="bbox 42 3541 1904 3617; baseline -0.001 -27"><span class='ocrx_word' id='word_1_299' title='bbox 42 3557 44 3560; x_wconf 85' lang='lat'>·</span> <span class='ocrx_word' id='word_1_300' title='bbox 76 3553 227 3606; x_wconf 81' lang='lat' dir='ltr'>cum,</span> <span class='ocrx_word' id='word_1_301' title='bbox 259 3544 365 3596; x_wconf 74' lang='lat' dir='ltr'>nisi</span> <span class='ocrx_word' id='word_1_302' title='bbox 397 3546 586 3599; x_wconf 85' lang='lat' dir='ltr'>rimam</span> <span class='ocrx_word' id='word_1_303' title='bbox 612 3547 1003 3617; x_wconf 72' lang='lat' dir='ltr'>*praterviderit</span> <span class='ocrx_word' id='word_1_304' title='bbox 1035 3548 1135 3600; x_wconf 91' lang='lat' dir='ltr'>cel.</span> <span class='ocrx_word' id='word_1_305' title='bbox 1165 3559 1385 3612; x_wconf 83' lang='lat' dir='ltr'>auctor,</span> <span class='ocrx_word' id='word_1_306' title='bbox 1424 3546 1640 3600; x_wconf 83' lang='lat' dir='ltr'>diversa</span> <span class='ocrx_word' id='word_1_307' title='bbox 1679 3541 1904 3594; x_wconf 80' lang='lat' dir='ltr'>videtur.</span> 
     </span>
    </p>
   </div>
  </div>
 </body>
</html>
