2912 4368
1266 260 1574 309 [arcuimus.
1611 258 2072 310 Tnxx‘ssrussutm.

709 261 813 317 158

859 411 919 463 Si
973 424 1091 463 cum
1134 409 1253 460 aliis
1296 407 1604 460 lichenibus
1669 406 1891 458 thallum
1935 424 2246 478 comparaS,
2285 409 2355 458 ob
2395 419 2620 460 stratum

721 480 952 533 inferius
1003 481 1249 549 perfecte
1300 478 1595 530 ssoccosum
1645 478 1708 527 ad
1757 479 2000 529 lichenes
2056 477 2346 529 frondosos
2401 481 2620 531 omnino

718 554 962 621 pertinet
1006 552 1247 616 species3
1298 550 1503 600 nullum
1555 567 1687 599 vero
1728 548 2006 617 hucusque
2067 549 2295 600 vidimus
2354 548 2625 600 lichenem

719 624 1041 673 frondosum
1075 633 1175 670 tam
1212 632 1458 682 tenuem,
1517 620 1752 678 mollem,
1793 619 2064 687 integrum
2109 619 2301 668 cortici
2348 631 2494 668 arcte
2539 619 2629 669 ad-

718 694 1064 751 haerentem,
1104 690 1304 741 ambitu
1342 690 1627 755 irregulari
1676 689 1825 738 vario
1868 701 2268 739 crustaceorum
2309 688 2372 737 ad
2406 690 2625 739 modum

717 763 1255 830 nigro-marginato,
1297 761 1672 828 similibusque
1702 759 1861 806 lincis
1890 757 2146 808 flexuosis
2191 759 2359 825 nigris
2405 777 2625 825 percur-

721 852 864 893 sum,
905 846 963 883 ut
990 834 1284 899 specimina
1311 843 1536 882 nostrae
1577 828 1823 899 pluribus
1858 829 2155 881 minoribus
2185 830 2488 897 composita
2515 848 2626 882 non

717 904 921 955 habere
955 921 1064 955 non
1101 904 1301 972 possis.

953 1074 997 1117 5.
1039 1075 1642 1116 TRYPETHELIUM
1724 1074 2320 1113 MELANOTnlux.
2367 1062 2399 1116 †

861 1211 957 1258 Tr.
1010 1204 1175 1254 thallo
1223 1203 1557 1253 subfoliaceo
1606 1201 1785 1251 libero
1848 1199 2136 1269 effigurato
2182 1199 2321 1249 infra
2375 1198 2627 1265 intusque

724 1276 1178 1348 nigro-floccoso
1215 1292 1368 1340 supra
1407 1273 2049 1340 glauco-pulverulento,
2112 1271 2269 1337 nigro
2308 1269 2625 1335 marginato,

726 1360 985 1401 stromate
1036 1346 1372 1396 subrotundo
1437 1360 1679 1394 convexo
1724 1341 1988 1394 tumidulo
2048 1338 2279 1401 ssavido,
2327 1338 2629 1407 apotheciis

720 1420 967 1491 globosis
1003 1416 1306 1467 numerosis
1336 1413 1591 1463 minimis.

864 1543 1082 1594 Thallus
1116 1542 1171 1590 in
1199 1538 1400 1589 nostris
1433 1537 1538 1589 late
1573 1555 1867 1604 expansus,
1921 1533 2208 1603 palmaris,
2266 1530 2628 1583 communiter

727 1631 759 1667 e
791 1614 1037 1682 pluribus
1071 1611 1371 1662 minoribus
1402 1610 1490 1660 vix
1521 1608 1818 1658 uncialibus
1849 1608 2090 1674 margine
2113 1606 2220 1654 lato
2252 1604 2408 1671 nigro
2436 1619 2626 1670 parum

723 1687 937 1738 elevato
982 1679 1559 1733 crenulato-ilexuoso
1607 1677 1879 1728 distinctis
1927 1678 2103 1744 iisque
2148 1675 2466 1741 plerumque
2516 1690 2630 1723 om-

721 1759 853 1807 nino
887 1755 1187 1812 continuis,
1228 1752 1402 1800 rarius
1440 1750 1620 1800 lobulo
1673 1766 1779 1798 uno
1833 1748 2066 1797 alterove
2120 1746 2224 1795 sibi
2259 1745 2492 1793 invicem
2530 1743 2632 1790 im-

722 1828 952 1878 bricatis
998 1824 1361 1890 compositus,
1430 1820 1772 1870 tenuissimus
1825 1818 1911 1867 vix
1962 1832 2322 1883 papyraceus,
2392 1812 2625 1879 fragilis,

722 1898 904 1948 mollis
925 1933 938 1956 ,
979 1897 1153 1945 siccus
1179 1910 1277 1942 nec
1305 1890 1752 1958 hygrornetricuS,
1783 1887 2180 1936 membranulae
2210 1886 2293 1936 vel
2335 1883 2627 1951 epidermi-

725 1969 811 2019 dis
848 1968 1052 2018 solutae
1083 1965 1348 2014 adinstar
1381 1963 1639 2011 corticem
1686 1958 1959 2008 obducens
2014 1959 2175 2027 eique
2227 1967 2372 2004 arcte
2426 1953 2627 2003 adhae-

724 2056 882 2099 ren5‚
952 2047 1010 2085 ut
1074 2036 1318 2084 illaesum
1361 2032 1647 2099 sejungere
1697 2048 1801 2078 non
1847 2027 2043 2096 possis.
2124 2024 2431 2077 Substantia
2489 2024 2634 2089 ejus-

725 2110 850 2160 dem
886 2106 1117 2157 interior
1151 2105 1394 2172 perfecte
1428 2101 1689 2160 ssoccosa,
1732 2117 1850 2148 cum
1893 2098 2084 2165 pagina
2130 2096 2398 2145 inferiore
2436 2093 2628 2161 nigra3

726 2191 950 2230 stratum
982 2179 1225 2244 superius
1264 2174 1583 2238 (substantia
1610 2169 1915 2229 corticalis)
1967 2168 2063 2218 sub
2106 2167 2253 2216 lente
2310 2183 2338 2215 e
2385 2163 2626 2231 granulis

723 2250 1141 2302 cohaerentibus
1175 2246 1560 2311 compositum,
1629 2241 2084 2298 subcellulosum‚
2150 2254 2268 2287 cum
2339 2233 2630 2302 superficie

729 2321 1226 2390 glaucovircscens‚
1267 2317 1502 2365 molliter
1532 2311 1989 2381 pulverulentum,
2045 2309 2172 2358 hinc
2225 2306 2349 2356 inde
2406 2305 2633 2355 Isidii
2693 2359 2704 2366 x

723 2391 890 2444 Ach.
940 2390 1004 2439 ad
1049 2389 1263 2438 modum
1323 2384 1708 2436 excrescentiis
1774 2379 2080 2449 granulosis
2144 2379 2230 2428 vel
2278 2375 2623 2425 filiformibus

725 2476 1007 2523 onustum3
1057 2462 1286 2511 ambitus
1332 2455 1645 2524 effiguratus
1688 2451 2060 2519 irregulariter
2105 2448 2414 2498 crenulatus
2451 2447 2627 2513 niger.

729 2536 945 2585 Stroma
994 2532 1048 2579 in
1095 2531 1297 2579 nostris
1351 2527 1598 2578 omnibus
1644 2523 1963 2590 frequenter
1997 2520 2215 2570 obvium
2250 2530 2442 2577 tenue,
2500 2532 2627 2566 con-

724 2623 935 2664 vexum,
977 2601 1391 2659 subrotundum,
1433 2596 1680 2646 diametri
1716 2595 1805 2643 vix
1835 2592 2089 2651 linearis,
2131 2589 2226 2638 sub
2266 2589 2412 2637 lente
2465 2587 2628 2636 tumi-

729 2677 929 2733 dulum,
972 2672 1193 2729 ssavum,
1237 2668 1524 2737 superficie
1567 2665 1733 2732 magis
1761 2662 2110 2730 pallescente,
2150 2675 2251 2709 nec
2300 2670 2357 2708 ut
2410 2658 2464 2706 in
2509 2658 2632 2706 aliis

732 2747 949 2815 generis
980 2744 1267 2809 speciebus
1304 2740 1549 2789 indurata
1572 2736 1946 2799 intensiusque
1985 2731 2257 2790 colorata,
2323 2729 2385 2779 ad
2432 2729 2632 2777 lentem

732 2836 800 2867 ex
838 2816 1051 2867 ostiolis
1080 2816 1559 2880 nigro-punctam.
1636 2803 1938 2855 Substantia
1969 2802 2206 2868 ejusdem
2247 2816 2415 2867 aeque
2444 2798 2626 2848 mollis

741 2906 803 2939 ac
845 2887 1070 2944 thallus,
1126 2884 1221 2933 sub
1265 2884 1408 2931 lente
1442 2878 1727 2947 granulosa
1763 2872 2008 2923 ssocculis
2047 2872 2230 2938 paucis
2265 2871 2635 2937 interspeisis.

740 2957 1042 3026 Apolliecia
1074 2956 1129 3003 in
1167 2954 1374 3020 singulo
1409 2960 1663 2999 stromate
1699 2963 1853 3013 quam
1898 2944 1952 2991 in
1983 2943 2101 2991 aliis
2144 2940 2427 3008 speciebus
2468 2940 2637 3007 magis

741 3046 1055 3084 numerosa,
1109 3023 1491 3080 minutissima,
1544 3017 1795 3087 globosa,
1859 3014 2119 3082 pleraque
2177 3012 2241 3062 ad
2294 3009 2639 3077 superficiem

736 3100 936 3151 ostiolo
970 3096 1184 3146 nonnisi
1224 3095 1288 3143 ad
1315 3095 1512 3142 lentem
1542 3088 1836 3152 conspicuo
1878 3083 2214 3144 desinentia,
2273 3083 2375 3131 alia
2410 3080 2634 3147 profun-

739 3174 863 3222 dius
897 3171 1148 3218 immersa
1177 3166 1450 3223 abortiva,
1505 3180 1532 3209 e
1572 3157 1879 3230 perithecio
1921 3156 2079 3223 nigro
2121 3166 2173 3204 et
2222 3154 2417 3202 nucleo
2462 3149 2662 3201 theci-‘

742 3260 876 3310 gero
911 3240 1005 3288 sub
1050 3239 1197 3286 lente
1230 3234 1571 3285 flavescente.
1649 3230 1860 3279 'l'hccae
1896 3223 2531 3292 oblongo-cylindricae‚
2571 3221 2635 3271 ad

741 3329 1002 3361 summum
1036 3308 1223 3358 novics
1264 3305 1568 3364 annulatae,
1610 3319 1745 3370 quae
1774 3298 1974 3346 liberae
2006 3308 2257 3360 septenae
2289 3305 2516 3343 octonae
2545 3309 2635 3343 co-

740 3382 1031 3433 haerentes
1066 3378 1332 3435 videntur‚
1378 3375 1542 3433 aliae,
1583 3374 1661 3422 uti
1691 3372 1933 3429 videtur,
1973 3367 2213 3433 juniores
2243 3365 2443 3432 absque
2473 3381 2637 3413 annu-

741 3453 810 3501 lis
830 3488 843 3514 ,
882 3449 1019 3500 ascis
1055 3445 1256 3497 clavato
1277 3471 1297 3482 -
1321 3444 1629 3505 cylindricis
1657 3443 1916 3493 inclusae.

889 3556 1089 3612 Crescit
1136 3549 1423 3608 corticibus
1467 3549 1723 3600 arborum
1770 3549 2065 3604 adhaerens
2101 3545 2155 3600 in
2191 3554 2330 3609 prot,-
2346 3540 2487 3595 incia
2529 3537 2637 3593 Pa-

745 3653 944 3689 raensz.
