2163 3852
313 1271 454 1328 Clar.
500 1275 842 1331 Met-tens,
895 1270 982 1322 vir
1016 1269 1278 1337 optimus,
1342 1269 1733 1338 Algologorum
1780 1271 2062 1339 princeps,

175 1361 286 1401 non
329 1347 501 1396 solum
542 1345 696 1413 plura
741 1340 1060 1412 vegetabilia
1093 1340 1336 1410 aquatica
1375 1341 1432 1390 in
1464 1354 1651 1392 nostro
1683 1343 1944 1408 opusc.slo
1972 1344 2065 1394 de-

173 1416 459 1468 scribenda
490 1433 591 1484 pro
625 1431 852 1475 summa,
894 1430 1030 1482 quae
1056 1411 1108 1460 ei
1137 1422 1236 1468 est,
1274 1410 1601 1462 liberalitate
1629 1412 2063 1476 communicavit,

174 1489 271 1540 sed
305 1488 464 1539 etiam
504 1505 530 1536 a
566 1502 650 1536 me
680 1496 900 1550 rogatus
941 1494 998 1532 ut
1030 1482 1430 1549 descriptiones
1470 1482 1783 1550 priusquam
1817 1484 2062 1545 edantur,

171 1557 494 1628 perlustret,
555 1574 663 1625 quo
701 1553 1056 1606 confidentius
1090 1552 1422 1619 reipublicae
1463 1553 1736 1604 literariae
1767 1553 1905 1604 tradi
1935 1571 2063 1621 pos-

173 1629 313 1690 sint,
373 1640 428 1679 et
453 1627 610 1695 hujus
641 1628 753 1678 voti
793 1642 878 1675 me
921 1624 1052 1674 fecit
1083 1636 1383 1691 compotem
1418 1624 1771 1693 pluribuxque
1807 1624 2064 1675 observa-

172 1698 418 1750 tionibus
449 1697 642 1749 summi
670 1697 926 1748 momensi
955 1697 1112 1745 hasce
1142 1695 1377 1762 pagellas
1407 1694 1807 1745 condecoravit.
1896 1696 2063 1744 Prae-

172 1782 323 1822 terea
369 1769 472 1819 viri
521 1768 648 1818 clar.
695 1768 772 1818 de
826 1765 1217 1826 Chamisso‚
1278 1765 1581 1830 Beyrich
1634 1777 1683 1814 et
1741 1764 2064 1815 Tilesius

172 1841 354 1908 Algas‚
393 1858 520 1910 quas
543 1838 598 1889 in
620 1839 802 1889 littore
824 1836 1082 1888 Brasiliae
1113 1837 1218 1887 coll
1255 1848 1443 1904 gerant
1473 1849 1526 1886 et
1551 1837 1614 1885 cl.
1647 1835 1713 1886 de
1736 1835 2063 1886 Schlech-

172 1910 406 1962 tendal
455 1910 582 1960 alias
634 1909 916 1960 nonnullas
969 1926 997 1958 a
1045 1908 1110 1957 cl.
1152 1908 1188 1957 S
1210 1907 1413 1957 ‹ellow
1460 1907 1663 1958 ibidem
1713 1906 1958 1957 inventas
2007 1915 2063 1955 et

170 1997 315 2032 nunc
346 1981 402 2032 in
431 1980 762 2049 amplissimo
791 1979 1045 2030 herbario
1073 1981 1116 2027 R
1168 1978 1513 2030 Berolinensi
1551 1990 1844 2029 asservatas
1873 1974 2064 2027 confe-

169 2052 367 2104 rendas
391 2052 655 2104 benevole
683 2051 1241 2105 communicaverunt,
1281 2048 1411 2118 quib
1453 2068 1477 2099 s
1503 2048 1746 2100 omnibus
1780 2048 1927 2098 omni
1956 2063 2060 2116 qun

171 2138 271 2192 par
307 2135 389 2174 est
427 2123 794 2182 observantia,
869 2120 935 2171 ob
968 2119 1239 2188 singulare
1286 2118 1431 2189 quod
1469 2120 1525 2170 in
1565 2137 1658 2170 no*
1708 2129 1872 2169 nostr·
1898 2132 2060 2185 mque

170 2209 307 2259 opus
353 2193 675 2260 proflemur
717 2193 984 2255 studium,
1054 2190 1256 2261 gratias
1303 2190 1510 2260 agimus
1550 2202 1607 2243 et
1643 2190 1902 2242 habemus
1949 2190 2060 2240 sin-

169 2263 500 2319 carissimas.
