2163 3852
139 112 244 171 122
704 110 1010 162 honnus.
1083 100 1468 165 Vennnmmm.

138 274 401 323 aetatem,
456 260 551 312 sed
597 259 758 310 etiam
792 276 822 310 e
857 259 1267 327 comparatione
1311 268 1534 327 apparet
1570 258 1787 324 generis
1820 258 2033 328 analogi

138 331 629 402 Trypethelii‚
687 329 837 397 cujus
887 330 1186 398 perithecia
1222 331 1434 399 integra
1478 339 1534 379 et
1570 328 1849 378 dimidiata
1884 340 2032 378 utra·

139 422 247 476 que
288 406 536 454 immersa
571 411 729 461 sunt,
784 399 913 450 dein
951 418 1016 451 ex
1043 418 1141 460 eo,
1181 401 1328 469 quod
1373 401 1428 449 in
1466 398 2030 449 Euverrucariis

139 474 426 544 apothecia
459 472 546 521 vix
581 488 687 519 non
722 471 901 520 omnia
957 470 1187 521 obducta
1228 481 1349 520 sunt
1399 468 1766 519 membranula
1796 467 2032 519 thallode

137 545 453 598 tenuissima
501 541 708 606 hyalina
761 541 932 607 magis
989 541 1232 590 minusve
1291 541 1507 590 intense
1553 556 1675 588 cum
1723 538 1859 604 ipsis
1903 554 2031 589 con-

136 627 315 673 creta,
371 628 507 680 quae
554 627 584 660 e
623 621 792 660 strato
821 610 1068 662 corticali
1100 611 1184 661 vel
1219 611 1393 660 rarius
1443 611 1498 659 in
1537 609 1815 676 speciebus
1865 608 2034 676 hypo-

137 682 497 753 phloeodibus
540 681 604 730 ab
655 680 988 748 epidermide
1041 682 1224 731 illaesa
1258 693 1432 731 ortum
1479 681 1704 738 ducens,
1759 678 1973 745 saepius
2003 697 2035 729 a

135 752 644 821 Pyrenularum
712 751 1037 820 quarundam
1095 751 1340 803 verrucis
1387 769 1547 819 supra
1592 749 1927 799 tenuissimis
1978 759 2034 800 et

135 823 466 891 oubbyalinis
496 840 603 872 non
635 821 796 890 longe
829 820 1033 874 differt.

274 917 361 965 De
391 911 552 961 tertia
589 922 642 960 et
668 921 855 979 quarta
885 910 1131 960 sectione
1161 908 1258 961 cfr.
1294 907 1528 959 inferius
1557 906 1879 959 adnotanda.

269 1001 517 1058 Thallus,
558 998 822 1064 imprimis
868 998 924 1046 in
969 998 1202 1047 secunda
1231 998 1473 1049 sectione
1500 998 1877 1063 Pyrenula‚
1916 1012 2032 1047 sae-

132 1074 257 1143 pius
317 1087 471 1139 quam
517 1069 572 1117 in
613 1067 1063 1134 praecedentibus
1137 1068 1324 1118 colore
1381 1069 1665 1137 splendido
1722 1068 2035 1129 distinctus,

131 1143 384 1196 altiorem
416 1150 628 1189 crustae
660 1138 902 1187 indicans
939 1137 1330 1188 evolutionem.

271 1228 670 1297 Distinguimus
725 1227 1235 1280 Verrucariam
1296 1227 1360 1277 ab
1424 1226 1860 1294 Endocarpo
1917 1244 2031 1276 non

129 1312 335 1355 tantum
369 1299 438 1350 ob
468 1298 816 1350 substantiam
844 1298 928 1347 vel
963 1308 1284 1347 structuram
1319 1297 1613 1365 perithecii
1650 1297 1810 1363 paulo
1851 1297 2030 1347 diver-

131 1390 245 1424 sam
295 1371 415 1434 (cfr.
456 1369 637 1419 adnot.
680 1367 746 1418 ad
782 1368 1280 1418 Pertusariam
1329 1386 1379 1435 p.
1426 1367 1578 1429 116),
1632 1367 1725 1416 sed
1759 1366 1920 1418 etiam
1954 1366 2025 1417 ob

127 1442 283 1495 thalli
327 1439 694 1492 differentiam
738 1449 1074 1488 constantem
1116 1456 1257 1507 quae
1281 1438 1396 1505 ipsa
1429 1438 1632 1504 prioris
1675 1436 2023 1487 differentiae

129 1529 327 1576 causa3
367 1511 412 1561 si
453 1511 634 1578 prior,
682 1527 852 1577 eaque
898 1509 1024 1558 satis
1059 1509 1229 1572 levis,
1277 1507 1342 1558 ad
1381 1507 1646 1573 Meyeri
1706 1507 2031 1558 sententiam

131 1585 294 1634 unica
326 1579 639 1642 sufficeret,
692 1580 853 1630 etiam
888 1579 1232 1629 Roccella
1266 1578 1428 1629 Ach.
1467 1579 1683 1647 aliaque
1716 1595 1916 1645 genera
1962 1578 2032 1628 ab

132 1654 324 1709 eodem
360 1651 534 1702 deleta
570 1650 853 1700 retinenda
907 1663 1088 1701 essent
1127 1649 1274 1708 (cfr.
1314 1649 1590 1699 observ.
1633 1666 1688 1714 p.
1723 1651 1839 1715 5q.)
1905 1647 2031 1698 Dif-

135 1723 372 1780 ferentia
433 1739 462 1771 e
523 1721 815 1788 perithecii-
884 1719 1072 1769 colore
1152 1720 1221 1769 ob
1295 1718 1703 1785 Endocarpi
1770 1737 1896 1788 pus
1918 1717 2035 1769 illi

134 1794 364 1852 Hedw.
404 1791 762 1859 perithecium
802 1789 1017 1857 nigrum
1053 1791 1273 1840 omnino
1305 1789 1539 1839 tollitur-

285 1861 731 1916 Ocellularia
782 1864 1022 1925 Meyer
1065 1860 1484 1927 (,‚sporocarpia
1505 1861 1556 1920 ³¹³)
1601 1858 2036 1927 hemisphaerica

136 1936 231 1990 vel
271 1932 710 1999 hemisphaerico
736 1961 758 1970 -
788 1931 1011 1993 conica3
1070 1931 1416 1996 sporangium
1454 1930 1730 1996 proprium
1775 1928 2033 1980 carbona-

136 2024 297 2059 ceum
331 2020 560 2056 verruca
601 2002 838 2052 thallode
887 2001 1180 2060 inclusum,
1234 2002 1400 2063 inque·
1439 2000 1554 2066 ejus
1599 2000 1814 2050 vertice>
1843 2010 2033 2064 aperto

135 2076 340 2147 papilla
374 2074 462 2125 vel
499 2074 696 2124 ostiolo
737 2072 1226 2137 prominens)“**)
1258 2083 1311 2120 et
1350 2071 1785 2122 Verruca-ria
1818 2070 1923 2136 eju
1939 2070 2029 2119 sd.

139 2145 561 2215 (‚,sporocarpia
615 2142 943 2209 subglobosa
1000 2142 1083 2191 ve}
1149 2140 1612 2208 hemisphaerica3
1686 2141 2034 2208 spor-angium

137 2219 422 2289 proprium
481 2213 901 2272 carbonaceum‚
969 2211 1085 2262 basi
1138 2212 1304 2261 thallo
1354 2212 1640 2271 innatum,
1701 2211 1904 2279 papilla
1948 2209 2038 2260 vel'

138 2288 340 2342 ostiolo
366 2283 820 2335 instrtzctum****i
863 2282 1153 2332 secundum
1186 2283 1279 2331 has
1306 2282 1592 2350 diagnoses
1626 2293 1783 2350 atque
1801 2282 2054 2334 iliustra-,

141 2360 321 2412 tiones
391 2355 621 2406 auctoris
697 2352 1005 2419 subjunctas
1036 2354 1096 2414 ῒ)
1162 2353 1379 2402 nonnisi
1438 2370 1467 2401 e
1537 2352 1738 2418 prioris
1808 2368 2036 2402 verruca

136 2428 374 2482 thallode
415 2443 534 2475 cum
580 2424 744 2474 thallo
787 2425 1044 2473 corticata
1088 2422 1379 2486 differunt,
1436 2422 1750 2472 charactere
1796 2422 2036 2472 omnium

136 2496 668 2557 inconstantissimo,
733 2495 830 2565 qui
881 2506 1167 2561 praeterea
1212 2510 1335 2544 cum
1390 2492 1698 2561 perithecio
1751 2491 2037 2543 dimidiato

134 2645 837 2670 ——-———-———-

192 2779 244 2833 ⁸)
274 2770 391 2813 Cum
424 2761 608 2823 species
636 2763 695 2806 ab
729 2771 934 2805 auctore
975 2759 1037 2804 ad
1071 2774 1223 2816 genus
1257 2776 1390 2803 suurn
1437 2759 1614 2803 citatae
1641 2759 1917 2816 perithecio
1947 2757 2036 2801 sub

277 2838 482 2870 verruca
515 2821 812 2874 subgiohoso
845 2817 1110 2877 gaudeant,
1159 2815 1304 2875 idque
1338 2817 1524 2859 varium
1560 2831 1662 2859 esse
1702 2818 1804 2874 ipsc
1836 2826 2038 2867 asserat,

280 2897 379 2925 non
406 2878 676 2921 dubitamus
717 2889 836 2919 voce
869 2877 1341 2933 sporocarpium
1375 2873 1450 2915 hic
1492 2887 1743 2915 verrucam
1778 2868 2036 2914 thallodem

276 2936 519 2982 abeodem
544 2933 810 2988 designari,
844 2932 959 2974 licet
989 2929 1358 2986 Trypetheli
1379 2945 1406 2972 o
1441 2938 1486 2972 et
1522 2931 1903 2984 Pyrenastro-
1926 2941 2034 2992 spo-

279 2992 508 3049 rocarpia
542 2989 836 3046 subglobosa
875 2986 1161 3044 pyriformia
1205 2987 1264 3029 ab
1310 2985 1478 3029 eodem
1523 2985 1879 3033 attribuantur,
1924 2983 2036 3025 hmo

280 3064 440 3108 neque
477 3049 524 3089 in
553 3047 721 3104 priore
749 3054 925 3087 stroma
955 3043 1338 3094 verrueiforme,
1372 3056 1530 3099 neque
1564 3042 1612 3083 in
1642 3042 1797 3084 altero
1831 3053 2039 3081 verruca

282 3103 523 3151 thatiodes
553 3116 671 3144 voce
705 3102 846 3144 citata
875 3099 1207 3157 designentur.
1270 3097 1412 3164 Quod
1439 3099 1475 3139 si
1517 3097 1601 3140 hac
1631 3095 2036 3153 interpretatione

285 3161 637 3207 erraverimus.
680 3167 824 3217 atque
863 3165 1033 3198 auctor
1060 3156 1200 3198 etiam
1237 3156 1283 3197 in
1315 3154 1533 3196 hocloco
1565 3169 1687 3197 voce
1713 3166 2038 3210 sporocar-

334 3221 453 3261 ium
483 3214 786 3273 apotheciunn
820 3221 1039 3255 nostrum.
1080 3227 1285 3254 verruca
1321 3211 1551 3253 inclusum
1591 3209 1910 3257 intellexerit,
1943 3222 2042 3250 non

282 3274 396 3322 xdeo
430 3271 642 3326 objectio
677 3269 960 3327 infringitur
997 3277 1188 3319 nostra,
1222 3283 1371 3325 genus
1409 3267 1574 3324 potius
1613 3267 1702 3308 hoc
1739 3263 1883 3306 modo
1914 3262 2043 3306 inter

283 3328 812 3377 Euvcrrucariarn
846 3333 892 3367 et
928 3326 1292 3379 Pyrenulam
1323 3325 1459 3366 Ach.
1497 3319 1834 3366 intermedium
1865 3319 1937 3363 his
1967 3319 2038 3363 hi·

286 3390 360 3434 nis
392 3383 661 3438 conjunctis
690 3384 970 3441 neutiquam
995 3380 1258 3423 subsistere
1289 3389 1464 3438 potest.

232 3450 302 3494 *ἢ
332 3447 423 3490 Die
446 3439 837 3499 Entwickelung,
866 3438 1258 3497 Metamophorse
1288 3452 1334 3481 u.
1358 3451 1394 3482 s.
1416 3452 1479 3480 w.
1505 3434 1552 3479 d.
1578 3433 1829 3479 Flcchten.
1864 3447 1916 3491 p.
1939 3436 2041 3479 32⁷·

208 3507 312 3557 ”U
340 3503 374 3546 1.
403 3516 444 3544 c.
473 3513 522 3555 p.
545 3502 645 3542 528.

244 3559 513 3618 †)1.c.p.
534 3557 591 3603 76
621 3560 670 3598 et
697 3557 773 3602 93.
