2163 3852
718 181 930 230 ALGAE.
1004 178 1319 233 Cuonnnu.
1900 191 1969 242 29

84 347 141 387 ut
170 351 270 387 nec
295 333 452 400 hujus
486 331 540 381 in
575 331 922 399 sporangium
955 332 1411 398 metamorphosin
1432 367 1445 391 ‚
1503 349 1605 382 nec
1637 335 1874 399 ipsorum
1913 340 1967 387 in

81 406 435 475 gongylorum
472 402 898 462 articulatosum,
938 400 1120 469 quales
1157 403 1441 470 spol-augia
1463 402 1854 454 Chondriarum
1887 409 1967 455 in-

81 477 330 534 cludunt,
402 471 843 524 coadunationem
882 481 1332 537 consequuturam
1373 490 1492 522 csse
1532 476 1798 539 possimus
1837 477 1964 526 ima-

82 546 277 613 ginari.
347 543 504 593 Licet
532 543 673 591 enim
705 542 883 591 varios
917 543 973 590 in
1001 540 1350 591 efformandis
1381 542 1814 595 fructificationis
1849 565 1968 613 par-

82 617 224 665 tibus
267 613 452 663 modos
493 623 676 661 natura
717 613 1094 677 amplectatur,
1167 612 1220 658 in
1261 628 1324 661 eo
1372 625 1540 660 tamen
1581 615 1681 662 sibi
1734 628 1963 679 constat,

83 697 142 736 ut
177 685 253 734 nil
289 683 476 742 saciat,
532 681 677 750 quod
713 682 775 730 ab
814 682 1079 732 universis
1117 681 1330 749 sibique
1365 684 1584 731 sancitis
1625 684 1830 752 legibus
1877 687 1968 737 ab·

81 755 321 806 horreat.
414 757 490 802 Ita
527 753 693 818 igitur
732 752 914 800 eadem
957 751 1110 818 lege,
1188 770 1289 819 qua
1324 753 1379 799 in
1421 763 1564 800 certa
1604 754 1779 819 planta
1820 774 1967 823 gem·

81 842 219 874 mam
258 841 405 873 mere
439 822 764 881 soliil'eram‚
831 822 1116 870 dummodo
1147 821 1250 885 jam
1284 822 1411 870 solia
1455 823 1804 887 praeformata
1839 829 1964 888 sint,

68 896 136 944 in
175 911 437 963 gemmam
473 890 769 942 floriferam
813 909 1082 959 nunquam
1136 892 1327 941 mutari
1375 893 1648 953 videmus,
1715 895 1968 962 Algarum

79 981 296 1034 quoque
339 963 600 1031 gongylos
635 979 886 1027 sporasve
920 961 1194 1027 simplices
1229 961 1387 1011 [hallo
1417 963 1713 1028 inspersas!
1757 965 1809 1013 in
1846 985 1967 1031 spo·

79 1038 267 1103 raugia
305 1033 549 1101 gongylis
589 1032 787 1082 referta
832 1032 980 1081 abire
1034 1031 1226 1080 nullibi
1272 1032 1631 1082 observamus,
1723 1035 1882 1109 Quod
1922 1036 1967 1086 si

81 1106 201 1174 quis
252 1116 462 1163 tamen,
555 1103 678 1151 dum
732 1102 1203 1151 s1·ucti1ica=i‹›nem
1268 1104 1556 1152 secundnm
1609 1107 1964 1170 vegrlationis

81 1176 232 1245 quasi
281 1190 564 1240 repressae
616 1173 761 1240 leges
800 1173 1121 1239 explicaret,
1196 1186 1431 1221 naturam
1473 1174 1658 1222 eodem
1711 1177 1872 1225 modo
1912 1178 1970 1225 in

79 1243 380 1313 sporangiis
429 1259 488 1292 ac
537 1243 588 1290 in
638 1243 883 1310 gongylis
930 1243 1084 1290 nudis
1125 1242 1475 1291 efformandis
1512 1260 1671 1310 agere
1711 1245 1968 1311 perhibe-

74 1326 196 1377 ret,
239 1333 282 1386 a‘
298 1326 478 1363 nostra
513 1314 777 1361 sententia
810 1312 947 1360 haud
984 1313 1288 1361 recederet.
1389 1312 1450 1361 ld
1483 1325 1687 1372 autem,
1748 1316 1828 1363 uti
1865 1316 1967 1380 jam

75 1386 132 1436 in
166 1385 354 1452 priore
391 1384 767 1434 observatione
798 1383 1127 1440 monuimus,
1170 1383 1468 1433 universam
1503 1383 1754 1449 Algarum
1785 1397 1968 1436 notam

75 1455 340 1524 praebere
390 1453 636 1513 videtur,
694 1452 838 1520 quod
889 1452 1161 1520 quaelibet
1201 1469 1384 1507 earum
1419 1470 1542 1518 pars
1581 1455 1635 1502 in
1678 1469 1969 1523 corpuscu-

75 1529 184 1577 lum
215 1523 595 1592 propagationi
628 1522 931 1573 inserviens
969 1522 1120 1571 abire
1156 1524 1346 1588 possit.

463 1640 501 1680 l.
585 1641 986 1681 CHONDRIA
1043 1641 1580 1678 PINNATIFIDA.

215 1731 274 1781 C.
313 1727 508 1778 fronde
546 1743 855 1793 compressa
886 1745 1126 1789 ramosa,
1184 1727 1347 1776 ramis
1385 1727 1704 1777 subalternis
1737 1745 1958 1797 compo-

70 1801 176 1853 sito
193 1795 587 1868 -·pinnatifidis‚
644 1798 864 1847 ramulis
898 1798 1104 1849 obtusis
1142 1797 1354 1847 callosis
1376 1835 1389 1859 ,
1444 1800 1747 1868 sporangiis
1779 1811 1962 1851 ovato·

67 1872 310 1941 globosis
346 1867 652 1920 lateralibus
690 1869 745 1916 in
777 1868 1016 1917 ramulis.

210 1957 325 2027 Ag.
367 1953 518 2026 SpeC.
548 1953 594 2005 I.
633 1955 751 2011 337.
811 1953 958 2024 Syst.
987 1973 1103 2007 201.
1154 1952 1287 2022 Esp.
1324 1962 1362 2005 t.
1405 1953 1518 2006 132.
1598 1952 1769 2009 Turn.
1821 1954 1964 2010 Hist.

281 2037 321 2079 t.
356 2044 442 2079 20.
480 2024 653 2094 Engl.
678 2023 810 2079 Bot.
842 2035 880 2077 t.
918 2043 1070 2079 1202.

204 2125 246 2173 B
265 2136 291 2168 a
308 2119 404 2167 sis
453 2133 615 2183 parva
633 2153 646 2178 ‚
714 2116 1008 2166 discoidea.
1112 2117 1156 2165 F
1171 2132 1199 2162 1·
1215 2131 1245 2164 o
1261 2132 1293 2162 n
1310 2113 1339 2162 d
1357 2132 1384 2164 e
1401 2133 1423 2163 s
1462 2114 1645 2181 plures
1666 2152 1679 2176 ,
1745 2126 1856 2166 tres
1899 2116 1964 2167 ad

68 2202 192 2241 octo
228 2189 460 2257 pollices
491 2186 659 2246 altae,
701 2188 1032 2254 caespitosae
1052 2224 1065 2247 ‚
1118 2201 1492 2250 compressae,
1550 2184 1741 2236 fusco-
1763 2205 1964 2254 purpu-

68 2270 366 2319 rascentes,
408 2258 557 2307 vario
587 2257 748 2307 modo
775 2257 945 2309 bi-vel
981 2254 1422 2323 tripinnatifidae‚
1461 2257 1668 2311 ramis
1703 2257 1963 2308 subalter-

65 2332 150 2380 nis
164 2367 181 2392 ,
233 2327 454 2378 ramulis
500 2326 702 2374 ultimis
747 2327 1001 2378 brevibus
1045 2325 1366 2378 rotundatis.
1467 2327 1501 2375 S
1519 2344 1551 2392 p
1568 2343 1597 2375 o
1615 2344 1642 2374 r
1657 2346 1682 2376 a
1697 2346 1729 2376 n
1747 2345 1778 2394 g
1796 2329 1813 2375 i
1831 2347 1858 2376 a
1903 2329 1961 2389 in

64 2400 268 2450 ultimis
303 2397 520 2448 ramulis
555 2395 782 2458 massilia,
815 2395 1249 2463 ovato—globosa
1272 2432 1284 2454 ‚
1338 2395 1707 2462 magnitudine
1740 2398 1960 2446 seminis

61 2470 353 2539 Papaveris
370 2506 382 2529 ,
450 2466 649 2534 pallida
668 2501 681 2527 ‚
748 2466 1124 2535 subdiaphana.
1233 2467 1266 2514 S
1284 2483 1318 2531 p
1335 2483 1364 2514 ο
1381 2483 1407 2512 r
1421 2482 1447 2513 a
1465 2482 1494 2514 e
1559 2483 1660 2532 per
1711 2467 1961 2518 frondem

66 2557 301 2609 sparsae,
339 2539 541 2588 fuscae.

200 2626 268 2678 In
296 2625 474 2677 insula
491 2621 959 2695 ffiffaragnam'ensi
990 2625 1131 2674 inter
1160 2624 1542 2689 rejectetmenta
1567 2620 1772 2673 Oceani
1798 2622 1956 2676 lecta.

553 2743 598 2784 2.
665 2745 1063 2782 CHONDRIA
1122 2743 1433 2780 OBTUSA.

196 2819 237 2869 C
278 2817 472 2868 fronde
506 2819 669 2868 tereti
706 2817 953 2867 siliformi
994 2816 1197 2882 pluries
1226 2817 1460 2883 pinnata,
1501 2818 1661 2867 ramis
1684 2816 1955 2883 suboppo-

63 2890 219 2951 sitis,
290 2888 511 2937 ramulis
548 2887 856 2954 cylindricis
889 2888 1148 2936 truncatis
1183 2886 1598 2939 horizontaliter
1629 2887 1954 2955 patentibus,

70 2959 375 3029 sporangiis
417 2959 585 3008 ovatis
620 2958 930 3008 lateralibus
963 2959 1017 3006 in
1049 2958 1287 3007 ramulis.

193 3047 308 3116 Ag.
356 3043 505 3114 Spec.
537 3044 584 3097 I.
630 3047 750 3108 340.
807 3042 955 3114 Syst.
986 3062 1103 3095 202.
1170 3042 1339 3096 Turn.
1380 3053 1418 3095 t.
1453 3061 1537 3095 21.
1605 3042 1777 3114 Engl.
1821 3042 1948 3094 Bot.

264 3126 306 3167 t.
346 3133 492 3167 1201.

193 3206 390 3256 Basis
421 3205 644 3266 callosa,
703 3200 972 3255 interdum
1000 3220 1215 3269 repens.
1276 3203 1597 3254 Frondes
1630 3202 1948 3272 plerumque

59 3275 243 3344 plures
263 3314 276 3338 ‚
345 3288 454 3326 tres
505 3277 570 3325 ad
620 3293 714 3325 sex
756 3275 984 3343 pollices
1032 3276 1220 3342 longae
1241 3311 1252 3333 ,
1326 3272 1948 3334 carneo-flavescentes,

58 3359 452 3398 marcescentes
479 3346 685 3396 albidae
704 3381 716 3404 ‚
764 3346 1021 3395 rubentes
1051 3356 1138 3394 aut
1164 3362 1352 3394 roseae
1372 3381 1384 3404 ,
1436 3343 1749 3403 filisormes‚
1807 3357 1949 3392 tere-

57 3426 169 3484 tes,
239 3432 466 3485 superae
497 3427 586 3465 aut
618 3416 793 3465 rarius
835 3415 938 3482 jam
969 3416 1083 3482 ipsa
1113 3415 1227 3464 basi
1262 3416 1316 3463 in
1354 3432 1530 3466 ramos
1563 3414 1946 3482 suboppositos

55 3485 290 3547 divisae,
328 3487 619 3537 substantia
653 3485 1386 3554 gelatinoso-cartilaginea,
1427 3485 1686 3534 lubricae.
1756 3483 1944 3533 Rami

55 3555 253 3608 iterum
282 3556 641 3624 subpinnatim
672 3557 955 3615 ramulosi‚
996 3557 1213 3605 ramulis
1244 3573 1431 3605 versus
1465 3555 1795 3605 summitates
1832 3553 1943 3603 fre-

55 3627 440 3696 quentioribus·
465 3625 803 3678 brevissimis
844 3626 1152 3691 cylindricis
1188 3626 1447 3676 truncatis
1480 3625 1564 3680 vel
1602 3623 1936 3678 subclavatiS.
