2163 3852
672 56 974 107 Lrennmn.
1027 55 1298 109 Gau-ns.
1855 61 1926 112 87

181 207 289 258 Gr.
327 204 809 267 anfractuosa,
862 205 1188 257 flexuosa
1223 208 1285 272 ἡ
1323 219 1500 259 crusta
1547 206 1918 274 pulverulenta

38 275 248 336 albida,
294 275 595 343 apotheciis
640 275 934 327 linearibus
971 274 1226 328 flexuosis
1261 278 1545 329 ramulosis
1582 277 1916 326 densissimis

35 347 170 398 utris
206 346 601 406 canaliculatis‚
637 346 961 414 marginibus
999 344 1272 397 flexuosis.

168 453 456 520 Specimen
490 468 764 512 mancum,
814 469 922 502 non
960 463 1112 502 acute
1151 453 1601 523 distinguendum.
1673 451 1911 511 Thallus,

29 540 188 592 quam
222 522 405 589 prior,
456 523 612 572 aliter
659 521 1024 573 conformatus
1059 523 1287 574 videtur.
1363 523 1743 574 praecedentis
1781 539 1910 589 apo-

28 593 235 654 thecia,
273 593 365 642 ubi
403 593 651 644 densiora
689 605 839 652 sunt,
882 610 1257 661 nonnunquam
1296 593 1528 642 similem
1555 594 1778 642 induunt
1795 592 1908 642 for-

25 680 180 712 mam.
252 663 467 713 Theeae
501 679 700 730 parvae
736 662 1384 730 oblongo-cylindricae‚
1415 664 1704 732 quinquies
1742 680 1906 712 annu-

26 732 184 783 latae.

167 817 367 868 Crescit
406 818 479 867 ad
515 819 772 869 arborum
817 819 1099 886 corticem,
1137 821 1278 871 inter
1325 817 1521 871 Villam
1559 818 1627 869 do
1666 817 1769 868 Rio
1807 818 1904 868 das

32 888 233 941 Coretus
257 899 306 939 et
336 887 632 940 Mar-aeds.

455 1054 526 1098 16·
573 1063 902 1102 GRAPnIs
949 1063 1401 1102 coMPREssA.
1445 1055 1477 1108 ᾧ

156 1179 251 1229 Gr.
290 1187 465 1227 crusta
500 1178 815 1228 tenuissima
852 1180 1352 1247 glauco-pruinosa
1390 1179 1638 1240 evanida,
1677 1178 1900 1246 apothe-

17 1246 117 1298 ciis
154 1248 588 1312 simpliciuseulis
639 1249 931 1300 linearibus
985 1252 1152 1300 rectis
1206 1250 1564 1317 compressis,
1629 1249 1899 1316 profunde

17 1319 405 1379 canaliculatis‚
447 1319 687 1384 margine
723 1320 873 1369 tenui
910 1317 1172 1370 flexuoso.

153 1405 374 1456 Thallus
420 1407 738 1457 tenuissime
796 1408 1112 1473 pruinosus,
1165 1409 1219 1456 in
1275 1408 1581 1475 plerisque,
1637 1423 1771 1475 quae
1811 1406 1902 1456 ad·

13 1474 124 1525 ulta
163 1487 317 1535 sunt,
352 1476 570 1525 omnino
619 1476 922 1543 dispersus,
962 1495 1065 1526 nec
1103 1478 1208 1526 nisi
1248 1495 1277 1526 e
1317 1481 1557 1545 margine
1591 1477 1719 1526 hinc
1756 1478 1899 1535 inde,

12 1545 234 1600 residuo
270 1546 432 1613 nigro
469 1546 677 1596 elevato
719 1547 1137 1613 dignoscendus·
1215 1548 1511 1614 Apothecia
1533 1548 1755 1615 gracilia
1786 1548 1901 1615 qui-

11 1615 150 1673 dem,
189 1616 286 1666 sed
304 1617 419 1665 aliis
440 1616 594 1682 hujus
625 1618 842 1682 generis
869 1618 1074 1677 altiora,
1114 1618 1398 1667 altitudine
1419 1617 1757 1668 latitudinem
1781 1619 1899 1667 fere

13 1685 342 1752 duplicante,
380 1686 718 1754 longitudine
756 1705 927 1756 usque
963 1689 1126 1736 trium
1166 1689 1445 1748 linearum,
1483 1689 1709 1754 plurima
1743 1700 1896 1737 recta

14 1757 312 1824 simplicia,
350 1757 604 1806 nonnulla
639 1757 887 1825 longiora
923 1758 1298 1824 praecedentis
1338 1760 1543 1825 speciei
1581 1759 1646 1808 ad
1682 1759 1898 1810 modum

16 1825 325 1895 genuflexa,
376 1827 655 1876 rarissime
691 1827 851 1877 bifida
876 1865 889 1888 ,
930 1829 985 1876 in
1023 1827 1129 1877 fine
1168 1841 1411 1878 truncata
1449 1840 1632 1896 aperta
1669 1847 1769 1879 nee
1807 1847 1896 1878 ro-

11 1897 252 1954 tundam,
291 1896 503 1962 juniora
539 1897 729 1947 rimata
753 1936 766 1958 ‚
808 1897 983 1947 adulta
1019 1900 1289 1965 profunde
1327 1900 1669 1949 canaliculata
1691 1937 1703 1959 ,
1743 1900 1893 1948 disco

8 1967 136 2016 hinc
174 1966 302 2017 inde
338 1967 557 2017 dilatato
595 1967 663 2017 ob
703 1969 970 2036 margines
991 1987 1318 2036 papyraceos
1356 1982 1566 2020 erectos
1603 1971 1729 2019 hinc
1766 1970 1895 2018 inde

8 2035 264 2087 dellexOS.
337 2037 552 2087 Thecae
586 2037 1271 2105 fusiformi-cylindricae,
1310 2052 1580 2106 angustae,
1618 2041 1736 2090 sere
1774 2057 1897 2106 sep-

6 2107 110 2159 ties
149 2106 458 2168 annulatae,
509 2119 722 2169 ternae,
778 2109 858 2159 uti
894 2109 1142 2174 videtur,
1185 2109 1321 2160 ascis
1360 2111 1685 2163 subclevatis
1725 2110 1897 2160 inclu-

12 2176 119 2249 sae.
195 2178 395 2242 (Syst.
431 2177 617 2250 Lich.
654 2178 771 2247 fig.
809 2178 860 2231 6.
898 2180 976 2246 d.)

151 2262 352 2314 Crescit
381 2264 435 2314 in
465 2264 680 2314 arboris
709 2265 908 2316 cortice
940 2265 1100 2317 valde
1134 2268 1334 2318 nodoso
1359 2287 1531 2339 prope
1557 2267 1726 2332 Par-cl,
1766 2285 1888 2317 con-

0 2328 137 2400 finis
173 2333 535 2385 Coniolomctti
563 2336 808 2386 coccineo
841 2354 960 2389 var.
991 2355 1286 2405 purpureo.

147 2426 256 2475 Gr.
312 2440 791 2492 compresssa,
851 2426 929 2475 ad
951 2444 1195 2494 spersa
1235 2440 1298 2492 -Η
1348 2440 1525 2478 crusta
1577 2430 1889 2482 tenuissima

5 2493 181 2545 albido
202 2525 223 2535 -·
236 2495 494 2561 pruinosa
530 2496 923 2546 suborbiculari
944 2534 957 2557 ,
1010 2498 1309 2564 apotheeiis
1345 2500 1718 2550 minutissimis
1755 2521 1891 2568 pun-

6 2563 371 2683 ctiformilbusl
395 2577 449 2615 et
485 2565 778 2616 linearibus
793 2604 806 2628 ,
844 2566 1015 2617 rectis
1037 2603 1049 2627 ‚
1091 2568 1383 2635 cuspidatis
1411 2606 1424 2632 ‚
1464 2573 1592 2620 atris
1613 2610 1625 2634 ‚
1664 2573 1891 2641 prosun-

8 2635 75 2685 de
113 2652 241 2685 cana
265 2635 351 2685 icu
377 2636 494 2685 atis·

143 2723 360 2773 Thallus
396 2723 542 2773 idem
579 2723 674 2793 qui
710 2724 1087 2791 praecedentis
1115 2763 1128 2786 ‚
1169 2725 1397 2777 subinde
1435 2731 1761 2798 marginalus
1799 2752 1885 2783 or·

1 2791 278 2843 biculatim
341 2793 799 2862 circumscriptus.
891 2796 1192 2862 Apothecia
1258 2799 1434 2848 variae
1484 2804 1882 2869 magnitudiniS,

2 2863 452 2932 praecedentibus
500 2881 630 2915 vero
685 2866 846 2932 longe
904 2867 1143 2926 minora,
1204 2866 1446 2933 ejusdem
1495 2872 1734 2937 formae,
1776 2877 1884 2927 nisi

2 2933 148 3000 quod
199 2934 451 2983 breviora
488 2935 700 3001 saepius
737 2935 1144 2987 subfusiformia
1181 2937 1238 2987 in
1273 2937 1380 2989 fine
1418 2943 1691 3008 cuspidata
1743 2948 1884 3013 sint3

3 3003 257 3053 transitus
298 3021 426 3055 vero
463 3005 631 3054 mutui
667 3023 776 3055 non
817 3005 1025 3056 desunt.

101 3101 103 3103 ’
148 3089 350 3140 Crescit
385 3109 505 3140 cum
538 3092 909 3160 praecedente.

142 3178 381 3230 Adnot.
459 3181 767 3247 Specimina
816 3184 1008 3232 adsunt
1044 3184 1139 3233 Th
1158 3184 1492 3250 elephora
1528 3192 1751 3257 quadam
1789 3197 1881 3247 dc-

4 3249 239 3316 (nepita,
279 3260 510 3299 crustam
548 3253 929 3303 subtartaream
951 3253 1274 3303 albissimam
1310 3256 1609 3320 simulante,
1652 3265 1880 3330 obtecta,

4 3318 94 3367 cui
155 3320 435 3386 apothecia
502 3322 778 3372 varietatis
847 3325 1153 3391 descriptae
1213 3325 1393 3377 albido
1422 3356 1443 3366 -
1474 3330 1875 3397 pulverulenta,

2 3389 230 3454 sparsim
270 3391 447 3440 innata
495 3391 582 3444 vel
616 3391 867 3443 immersa
904 3406 1058 3454 sunt,
1099 3411 1234 3464 quae
1272 3413 1336 3444 an
1375 3400 1419 3445 Τ
1436 3397 1876 3469 helephorae

3 3456 363 3524 increverint,
416 3479 482 3512 an
530 3463 719 3515 eadem
766 3463 979 3518 obtecta
1015 3464 1155 3529 sint,
1210 3465 1402 3518 dubius
1437 3467 1649 3524 haereo.
1727 3476 1880 3527 Stru-
