2163 3852
607 95 908 146 Licnsnms.
946 89 1321 145 Vennucanm.
1787 89 1891 145 139

42 249 184 299 tibus
224 245 430 308 (forsan
477 243 547 295 ob
600 253 924 310 tegmentum
962 237 1243 297 thallodes)
1292 233 1542 287 stellatim
1591 232 1906 285 dehiscente

39 316 362 384 laciniisque
400 315 568 378 (intus
601 313 800 379 nigris,
842 321 991 359 extus
1029 308 1188 367 albis)
1227 308 1416 356 eodem
1450 303 1608 355 modo
1649 304 1908 364 deciduis,

42 386 454 456 patelliformia‚
495 385 775 440 immersa,
827 380 890 429 ad
925 394 1161 428 normam
1200 375 1553 435 orbicularia,
1607 373 1662 421 in
1702 373 1910 423 arbori-

43 457 143 507 bus
187 451 696 523 sempervirentibus
737 450 892 498 eliam
930 446 1258 498 difformiter
1295 446 1504 494 dilatata
1543 455 1692 494 ovata
1730 453 1785 491 et
1822 460 1914 491 an-

44 527 230 595 gulosa
268 526 429 587 (icon.
468 521 556 573 cit.
579 515 688 588 fig.
727 518 827 569 IV.
866 534 914 569 2.
950 518 1028 580 a.)
1098 515 1295 565 Discus
1325 515 1533 580 spurius
1558 514 1741 580 planus
1779 522 1916 574 ater,

50 598 116 646 ad
153 596 352 645 lentem
391 589 808 650 scabriusculus,
848 589 1058 638 demum
1098 585 1375 641 evanidu5‚
1415 584 1652 650 margine
1688 582 1917 649 proprio

49 681 152 716 nec
203 663 438 713 thallode
493 661 694 710 cinctus
748 659 809 708 ad
864 657 1156 708 sectionem
1206 653 1569 703 tenuissimam
1626 652 1720 702 sub
1769 652 1922 701 lente

53 736 350 801 composita
387 749 415 780 e
453 729 627 780 thecis
665 727 1000 794 imperfectis
1047 724 1472 790 nigro—suimus
1512 721 1674 782 (icon.
1714 720 1802 770 cit.
1839 720 1920 784 4.)

53 804 423 856 Perithecium
471 800 721 850 deorsum
777 795 1058 854 inflexum,
1120 793 1457 843 rotundatum
1509 802 1562 841 et
1613 792 1778 858 magis
1823 790 1925 839 mi-

54 891 220 926 nusve
253 870 807 939 plano-impressum,
846 866 910 916 ad
945 863 1178 914 medium
1217 862 1408 912 baseos
1445 861 1527 912 vel
1560 861 1932 910 tenuissimum

59 944 148 996 vel
185 943 402 992 omnino
440 938 715 994 deficiens,
754 936 815 986 ad
842 946 1046 1003 partem
1085 950 1299 1002 quoque
1318 932 1681 998 superiorem,
1736 930 1781 978 si
1819 942 1934 997 teg-

57 1014 202 1064 mine
239 1010 473 1062 thallode
511 1018 764 1075 cooperta
802 1018 919 1065 est,
961 1017 1308 1062 attenuatum,
1347 1018 1514 1070 eaque
1539 1011 1688 1066 parte
1717 1001 1929 1058 amissa,

60 1082 311 1134 annulare
336 1117 349 1141 ‚
391 1098 549 1146 supra
587 1078 800 1128 thallum
839 1075 1082 1126 eminens
1117 1073 1430 1140 discumque
1470 1071 1802 1137 marginans,
1859 1068 1931 1118 ad

58 1154 259 1204 lentem
298 1151 549 1200 lacerum.
623 1148 835 1197 'l'hecae
871 1157 1088 1203 ovatae,
1127 1144 1386 1201 seriatae,
1423 1141 1784 1208 magnitudine
1817 1153 1934 1187 sae-

61 1224 184 1292 pius
223 1223 277 1271 in
317 1219 555 1289 qualibet
593 1218 733 1267 serie
784 1217 1193 1276 decrescentes,
1243 1211 1397 1261 binas
1448 1228 1634 1279 sporas
1684 1209 1934 1277 globosae

65 1293 314 1344 foventes
352 1289 509 1352 (icon.
547 1288 636 1338 cit.
661 1281 770 1350 fig.
806 1284 907 1335 JV.
944 1284 1022 1349 3.)

216 1397 409 1448 Incolit
460 1414 630 1464 prope
687 1392 920 1444 Bahiam
980 1391 1203 1440 cortices
1248 1389 1501 1438 arborum
1553 1382 1937 1454 semperviren-

0 1516 6 1518 i
71 1471 202 1521 tium
253 1463 482 1532 confinis
538 1464 799 1531 Graphidi
857 1480 1083 1512 venosae
1131 1478 1248 1510 var.
1300 1458 1612 1522 elongatae,
1673 1451 1939 1523 Graphidi

74 1540 264 1590 niveae
312 1556 427 1586 var.
479 1534 694 1604 cynipi,
754 1532 1115 1599 arborumque
1150 1526 1547 1598 frondosarum
1596 1526 1648 1575 in
1701 1518 1938 1588 confinio

75 1606 364 1678 Glyplzidis
413 1605 787 1662 cicatricosae,
853 1598 1167 1670 Pyrenulae
1218 1597 1598 1658 odwoleucae,
1651 1592 1940 1661 Graphidis

74 1681 294 1738 niveae,
336 1675 639 1736 Commalis‚
693 1670 998 1722 Arthoniae
1028 1667 1430 1739 polymorphae
1464 1685 1582 1719 var.
1617 1661 1943 1714 maculantis

75 1750 194 1800 dein
229 1765 397 1815 prope
432 1744 705 1795 Zlffaraczis
742 1742 934 1792 iterum
972 1741 1023 1791 in
1055 1735 1290 1804 confinio
1329 1736 1615 1805 Grapltidis
1653 1733 1943 1783 Commatis

79 1820 154 1876 (in
193 1817 399 1869 Guinea
437 1813 665 1885 Africae
697 1822 745 1863 et
784 1812 838 1861 in
878 1811 1038 1863 India
1073 1807 1392 1861 occidentali
1427 1807 1498 1856 ad
1532 1805 1787 1856 arhortzm
1823 1820 1942 1853 cor-

76 1891 246 1940 ticem.
319 1885 553 1951 Aclzar.)

214 1976 465 2029 Adnot.
504 1979 541 2024 1.
614 1977 660 2023 E
697 1972 837 2022 notis
875 1969 1048 2021 allatis
1087 1968 1213 2018 satis
1263 1977 1500 2026 constat,
1550 1977 1800 2033 quantum
1849 1979 1948 2014 no-

86 2060 191 2098 stra
229 2047 511 2097 conveniat
548 2060 665 2093 cum
705 2043 879 2109 planta
916 2040 1239 2097 Admriana,
1294 2054 1426 2106 quae
1464 2053 1572 2085 non
1608 2036 1780 2084 minus
1818 2051 1948 2100 apo-

80 2118 276 2169 theciis
315 2115 505 2184 gaudet
543 2113 970 2180 emergentibuS‚
1009 2121 1159 2178 parte
1189 2107 1454 2157 inferiore
1483 2105 1807 2173 planiuscula
1825 2112 1953 2170 post

82 2187 419 2255 superiorem
456 2185 698 2235 amissam
735 2182 949 2233 residua
996 2199 1025 2230 a
1073 2179 1240 2229 limbo
1295 2175 1583 2245 perithecii
1633 2192 1735 2225 nec
1785 2172 1952 2225 thano

85 2258 395 2326 marginata.

228 2357 466 2408 Adnot.
503 2357 566 2404 11.
638 2356 696 2403 In
735 2351 936 2418 prioris
971 2349 1078 2400 loci
1115 2350 1299 2398 natalis
1331 2347 1477 2399 citati
1499 2345 1782 2397 arboribus
1803 2342 1958 2394 fron-

93 2428 460 2494 dosisxiisdem
502 2424 556 2473 in
596 2423 885 2473 corticibus
924 2420 1213 2488 specimina
1252 2419 1575 2479 obveniunt,
1630 2435 1656 2465 a
1704 2413 1959 2464 normali-

91 2498 190 2547 bus
228 2497 420 2546 lineola
456 2495 606 2561 nigra
647 2492 908 2559 sejuncta,
961 2501 1137 2540 crusta
1195 2507 1320 2539 vero
1375 2489 1557 2536 induta
1607 2484 1957 2549 albitlo-pul-

92 2569 368 2618 vei-ulenta
430 2564 676 2622 evanida,
750 2563 866 2612 fere
922 2560 1106 2609 eadem
1177 2578 1277 2627 qua
1339 2557 1570 2624 gaudent
1655 2552 1958 2620 Graphis

97 2641 359 2689 Comma
416 2647 470 2685 et
516 2633 852 2685 Arthonia
914 2630 1182 2691 confines3
1237 2647 1354 2678 eum
1410 2638 1685 2693 praeterea
1738 2624 1963 2673 nucleus

98 2707 499 2774 apotheciorum
534 2704 586 2752 in
623 2703 935 2753 haccrusta
972 2699 1320 2750 nidulantium
1359 2698 1562 2746 albidus
1604 2695 1844 2744 abortum
1879 2693 1963 2742 in-

98 2779 244 2827 dicet
293 2775 418 2838 (cfr.
471 2792 590 2823 mox
628 2773 908 2822 observata
945 2789 999 2838 p.
1048 2770 1198 2835 137.)
1251 2769 1540 2836 eademque
1587 2767 1643 2814 in
1700 2763 1967 2813 nonnullis

100 2848 291 2897 horum
327 2844 677 2913 speciminum
715 2843 874 2909 duplo
914 2841 1121 2889 minora
1160 2840 1293 2900 sint,
1354 2857 1460 2888 non
1516 2836 1696 2886 dubito
1746 2833 1969 2900 apothe-

104 2918 186 2967 cia
225 2934 341 2966 esse
378 2913 844 2967 Verrucariae
902 2911 1203 2977 descriptae
1256 2910 1311 2957 in
1362 2921 1534 2958 crusta
1587 2903 1762 2954 sterili
1811 2905 1971 2954 Gra-

106 2987 347 3056 phidis
393 2983 616 3034 confinis
681 2981 981 3050 parasitica.
1065 2979 1543 3031 Commutationem
1594 2974 1743 3024 thalli
1792 2973 1971 3023 inver-

108 3076 212 3106 sam
248 3073 402 3123 supra
443 3054 504 3102 ad
556 3053 984 3119 Grapbidem
1039 3052 1248 3101 citatam
1304 3047 1683 3098 adnotavimus.
1757 3044 1970 3093 'l'hecae

108 3128 161 3176 in
201 3127 302 3179 his„
336 3124 633 3191 apotheciis
682 3122 894 3187 sa‹·pius
931 3121 1179 3180 eaedem,
1221 3138 1347 3188 quas
1386 3135 1543 3185 supra
1569 3113 1968 3183 descripsimus,

112 3198 242 3246 aliae
284 3196 439 3246 etiam
477 3193 640 3242 semel
677 3193 962 3242 annulatae.

369 3335 443 3377 ‘23-
488 3328 1011 3377 VERRUCARIA‘?
1070 3334 1567 3372 CONSTELLAT
1590 3334 1644 3368 A.
1693 3322 1725 3374 ἦ·

256 3428 321 3482 V.
375 3436 550 3476 crusta
584 3423 611 3478 ’ἓ
637 3425 1007 3493 subgranulata
1057 3423 1177 3475 albo
1206 3452 1225 3464 ·
1252 3421 1615 3472 cinerascente
1632 3455 1645 3481 ,
1685 3411 1979 3485 apotheciia
