2163 3852
575 126 922 190 Herm-ioan.
995 134 1383 188 AmriiOCmmS.
1817 126 1920 195 305

24 294 141 349 ὂέἠί
158 293 370 350 frondis
402 288 1074 348 ctlaciniarumlatiorum‚
1115 298 1350 338 erectae.
1400 286 1559 355 Calyx
1578 287 1919 354 cylimhicm,

24 376 121 419 o're
173 365 395 433 oblique
460 358 770 416 truncatae,
850 358 1105 418 obtusus,
1177 358 1604 409 subbidentatuS.
1694 361 1920 426 Capsula

27 437 206 502 calyce
246 435 408 501 duplo
449 431 669 488 saltem,
724 427 819 477 sed
859 428 945 478 vix
983 428 1147 492 triplo
1186 428 1435 494 longior,
1490 427 1736 479 crassitie
1777 441 1922 481 setae

27 507 292 578 equinae,
332 502 597 568 subulata,
639 514 811 549 cornu
850 499 917 550 ad
954 498 1124 548 instar
1159 514 1417 559 recurva,
1456 498 1701 551 bivalvis.

176 609 407 670 Habitat
459 615 512 665 in
546 612 724 684 sylvis
766 609 1062 681 primaevis
1108 610 1181 660 ad
1218 608 1272 661 S.
1313 609 1454 661 ,lodo
1493 609 1749 680 Baptista
1787 609 1928 664 Pro-

29 691 239 743 vinciae
274 688 568 741 ll'linaram
606 701 768 751 super
801 682 1014 733 muscis.
1101 685 1152 733 V.
1191 677 1336 749 cust.

166 788 405 852 Adnot.
456 801 497 847 Ι.
569 798 654 846 Ι)6
709 792 998 861 synonymo
1064 790 1381 842 Schmidelii
1445 791 1532 839 vix
1589 790 1927 856 dubitamus3

27 871 248 922 minime
302 886 432 921 vero
485 883 606 916 cum
658 865 1142 914 Anthocerate
1201 871 1543 928 punctato
1595 863 1924 930 conjungen-

26 943 152 993 dum
190 955 486 995 censemuS,
528 933 713 986 differt
751 934 924 984 enim:
964 931 1159 982 fronde
1197 931 1479 980 imbricata
1516 947 1617 980 nec
1650 933 1929 996 *turbinata

24 1014 204 1080 neque
240 1022 346 1059 tam
385 1006 666 1058 evidenter
704 1005 1033 1072 punctulata‚
1088 1001 1356 1067 calycibus
1395 998 1764 1068 longioribus,
1806 1018 1931 1069 cap-

31 1083 163 1134 sulis
211 1077 587 1135 brevioribus,
649 1076 920 1142 modoque
971 1071 1253 1122 crescendi
1308 1089 1472 1138 super
1508 1072 1724 1120 muscis.
1797 1074 1934 1122 Pro·

30 1153 149 1220 pius
184 1162 365 1215 autem
402 1147 611 1198 accedit
649 1148 713 1198 A.
755 1147 1025 1211 crispus
1067 1142 1345 1201 Swartzii‚
1388 1159 1545 1210 quem
1586 1142 1650 1191 ad
1690 1142 1934 1210 exempla

33 1222 390 1281 Swartziana,
437 1238 465 1268 a
501 1218 581 1269 Cl.
618 1216 1107 1281 Lindenberg,
1149 1229 1291 1261 nunc
1329 1213 1570 1261 herbarii
1607 1212 1933 1263 W'eberiani

29 1293 184 1346 felici
237 1306 587 1359 possessore,
642 1287 800 1337 nobis
847 1286 1082 1351 benigne
1122 1284 1539 1346 communicata,
1610 1283 1935 1334 examinavi-

28 1365 147 1414 mus·
220 1370 274 1413 et
342 1378 480 1411 nova
536 1357 856 1410 definitione
914 1354 1461 1421 circumscripsimus.
1569 1356 1669 1404 Est
1724 1365 1935 1416 autem,
1984 1356 2008 1362 “’

27 1438 165 1504 quae
203 1432 447 1502 sequitur
470 1448 482 1479 :

42 1592 48 1602 ,
169 1529 622 1592 Anthoceros
686 1535 966 1601 crispus
995 1536 1009 1581 ε’
1086 1530 1285 1583 fronde
1368 1530 1622 1581 undulata
1701 1530 1940 1581 sinuato-

30 1610 314 1662 lacinulata
367 1627 395 1660 c
414 1627 443 1659 o
459 1627 481 1658 s
497 1619 519 1657 t
535 1625 561 1656 a
577 1617 600 1656 t
615 1624 640 1654 a
660 1640 674 1666 ,
727 1603 1001 1670 calycibus
1046 1619 1076 1652 e
1119 1613 1302 1653 costae
1337 1601 1700 1668 processubus
1736 1601 1938 1653 forma-⁴

30 1679 103 1732 tis
145 1680 447 1733 convolutis
487 1676 673 1728 acutis.

168 1793 510 1848 Anthoceros
576 1791 817 1857 crispuS,
899 1786 1130 1838 swartz.
1211 1782 1411 1835 Prodr.
1471 1783 1566 1837 Fl.
1640 1783 1763 1838 Ind.
1827 1804 1940 1838 occ.

233 1885 294 1934 ρ.
333 1866 447 1926 146.
486 1857 741 1920 Fabul.
781 1877 890 1909 occ.
941 1857 1050 1908 Ill.
1083 1877 1140 1927 p.
1182 1858 1335 1918 1884.
1388 1885 1457 1894 -
1537 1855 1694 1909 PVeb.
1738 1854 1965 1908 Prodr.·

234 1955 293 2005 p.
341 1935 454 1986 113.
510 1930 822 1996 Schwaegr.
862 1927 1060 1980 Proclr.
1093 1947 1151 1996 p.
1187 1926 1274 1978 36.

119 2100 123 2103 ¹
177 2033 324 2097 Hah.
376 2043 432 2094 in
479 2038 688 2093 summo
745 2039 972 2091 caudice
1005 2035 1306 2106 Polypodii
1342 2036 1582 2088 aculeati
1625 2035 1761 2090 Lin.
1801 2039 1945 2089 inter

37 2115 222 2186 spinas
270 2116 326 2166 izi
376 2114 650 2165 montibus
698 2110 826 2161 altis
861 2109 1222 2179 Ligzzanicis,
1279 2106 1557 2159 Jamaicae
1608 2109 1852 2177 insalae5
1911 2128 1946 2159 a

38 2187 279 2252 nemine,
312 2195 436 2256 post
476 2181 841 2247 Swartziumy·
878 2182 1039 2231 visus.

180 2321 411 2374 Ohser
428 2338 475 2372 v.
515 2320 678 2395 Quod
715 2319 780 2368 ad
815 2317 1055 2368 habitum
1096 2316 1462 2370 vesiculosum
1506 2311 1561 2364 et
1591 2317 1709 2367 laxe
1743 2316 1947 2367 retica-a

39 2388 189 2452 t’um',
241 2393 373 2442 haec
418 2391 656 2458 plantula
707 2407 831 2439 sane
871 2389 1099 2437 maxime
1138 2386 1311 2437 affinis
1347 2386 1563 2436 videtur
1598 2388 1950 2438 Anthoce-

40 2463 182 2515 rati
236 2473 611 2531 punctato,
676 2460 770 2510 sed
822 2458 1040 2509 differt:
1088 2458 1285 2508 fronde
1338 2458 1586 2518 minore,
1637 2458 1950 2519 tenerrima,

46 2535 138 2587 vix
175 2533 342 2583 2--3
379 2533 548 2582 lineas
603 2531 794 2600 longa,
852 2548 1021 2580 nervo
1075 2546 1259 2578 crasso
1312 2527 1512 2588 divisa,
1578 2530 1670 2595 qui
1723 2541 1837 2578 tum
1887 2546 1955 2578 ex

45 2605 239 2674 apice,
297 2615 407 2652 tum
460 2620 488 2652 e
539 2603 716 2652 media
760 2601 880 2651 fere
930 2600 1157 2660 fronde,
1212 2599 1268 2647 in
1317 2614 1635 2666 processum
1688 2600 1956 2649 linearem

44 2676 202 2742 apice
246 2673 472 2724 bifidum
512 2673 599 2724 vel
641 2685 852 2741 acutum
891 2683 1228 2739 angustoque
1264 2669 1507 2736 margine
1543 2668 1954 2719 membranaceo

45 2747 126 2796 ihi
160 2745 392 2796 cinctum
433 2743 692 2803 ascendit,
734 2743 1077 2811 capsulaque,
1120 2759 1182 2790 ex
1210 2742 1313 2790 isto
1350 2757 1614 2808 processu
1649 2741 1956 2808 prodeunte

48 2828 104 2866 et
140 2816 337 2880 calybis
388 2815 510 2866 loco
551 2815 615 2864 ab
657 2815 848 2865 eodem
899 2814 1168 2872 involuta,
1226 2812 1294 2861 ad
1344 2811 1580 2860 medium
1630 2813 1724 2862 vix
1774 2810 1954 2861 bifida.

47 2886 119 2939 Ni
154 2886 348 2948 fallor,
404 2886 470 2935 ad
516 2886 669 2935 basin
706 2885 985 2952 capsulae,
1040 2900 1227 2951 parum
1264 2899 1550 2942 recurvae,
1603 2882 1826 2934 brevem
1870 2900 1959 2932 va-

54 2957 293 3026 ginulam
332 2961 457 3023 (seu
493 2974 678 3007 verum
717 2957 951 3021 calycem
1001 2953 1351 3021 propriuinP)
1393 2952 1616 3022 oblique
1665 2965 1959 3004 truncatam

52 3027 356 3078 observavi.
432 3027 677 3077 Frondes
728 3028 868 3076 laete
905 3025 1141 3088 virides,
1197 3024 1314 3074 laxe
1367 3024 1668 3084 areolatae‚
1716 3026 1960 3092 margine

60 3098 425 3166 inaequaliter
479 3096 761 3147 laciniatae'
799 3108 852 3146 et
889 3097 1139 3164 crispae,
1171 3093 1422 3145 lacinulis
1455 3095 1573 3144 aliis
1618 3095 1960 3145 obtusiuscu-

49 3167 151 3229 lis,
190 3169 471 3236 plerisque
514 3180 687 3217 tamen
722 3167 979 3216 subulatis
1012 3178 1066 3216 et
1101 3166 1287 3216 acutis.
1363 3165 1579 3216 Semina
1613 3165 1959 3234 subglolmsa.

53 3239 299 3289 Elateres
351 3240 541 3288 adesse
592 3238 949 3298 videbantur,
1001 3255 1180 3307 neque
1231 3248 1406 3286 tamen
1447 3238 1487 3285 ii
1525 3237 1660 3287 adeo
1714 3236 1961 3287 distincti

54 3309 112 3358 in
160 3309 362 3359 nostris
398 3310 622 3377 plantis,
678 3328 784 3378 quo
838 3309 1061 3375 probari
1100 3308 1273 3376 possit
1324 3308 1652 3358 observatio.
1693 3340 1763 3350 -
1825 3308 1962 3360 Ver-

59 3385 213 3429 rueas
250 3380 369 3430 illas
395 3402 410 3440 ,’
448 3380 655 3431 vertice
695 3378 996 3449 quadrifido
1035 3378 1278 3439 hiantes,
1318 3378 1677 3447 globulosque
1716 3377 1963 3427 minutis-

60 3448 227 3500 simos
262 3450 511 3501 foventes
534 3489 546 3512 ,
583 3469 769 3520 quas,
825 3451 882 3498 in
921 3449 1070 3500 disco
1118 3450 1397 3500 frondium
1435 3451 1772 3508 observatas,
1827 3456 1993 3497 mas-'

61 3519 212 3570 culos
253 3517 422 3571 flores
467 3521 759 3573 declaravit
799 3522 1124 3587 Swartzius,
1161 3521 1217 3568 in
1252 3522 1455 3573 nostris
1495 3539 1602 3571 non
1641 3519 1962 3587 invenimus.
2018 3533 2020 3536 ’

1148 3594 1217 3646 20
