2163 3852
160 207 229 257 42
823 205 1028 252 Arcam.
1112 202 1375 250 Anausis.

301 352 510 404 Dis-'fert
556 372 583 403 a
623 350 1007 418 praecedente:
1064 349 1260 401 fronde
1303 351 1472 401 multo
1512 351 1788 402 teneriore
1821 349 2046 418 profun-

163 423 281 473 dius
314 435 473 493 atque
507 423 570 472 ad
610 439 850 471 normam
885 421 1246 472 dichotomiae
1280 421 1579 471 evidentius
1612 422 1812 481 divisa,
1863 437 2044 489 neque

161 494 420 561 palmata,
461 492 752 561 segmentis
783 491 1075 541 linearibus
1105 491 1417 542 tenuissime
1442 492 1748 551 venulosis‚
1801 492 2045 560 margine

163 575 220 613 ut
244 564 534 632 plurimum
563 562 889 613 lacinulato-
907 562 1108 627 crispo,
1148 572 1379 611 attamen
1410 579 1787 632 nonnunquam
1809 562 2048 630 integer-

160 634 330 695 rimo,
372 634 674 702 sporangiis
705 651 810 682 non
838 632 1009 681 solum
1035 632 1436 701 marginalibus.

165 788 208 840 C
303 717 504 771 Crescit
542 721 596 771 in
631 720 771 771 mari
806 717 1126 770 Provincias
1162 718 1515 771 australiores
1551 718 1824 769 alluente:
1873 718 1942 770 cl.
1981 719 2046 769 de

210 790 461 842 hamis-so.

549 905 592 946 ὃ.
662 909 1137 948 DELESSERIA
1189 908 1652 947 PLOCAMIUM.

302 998 372 1047 D.
418 995 613 1046 fronde
661 995 1472 1063 membranaceo-cartilaginea
1523 1012 1832 1062 compressa
1875 995 2054 1062 tripli·-

163 1077 323 1116 cato-
355 1067 438 1116 vel
509 1066 1179 1134 quadruplicato-alterne
1233 1085 1470 1126 ramosa,
1565 1066 1786 1117 ramulis
1846 1065 2051 1116 ultimis

163 1134 373 1186 falcatis
405 1147 460 1186 et
492 1136 810 1202 pectinatis‚
851 1137 1154 1204 sporangiis
1184 1136 1425 1205 globosis
1450 1129 1750 1187 lateraliter
1779 1134 2006 1188 adnatis.

301 1224 429 1344 Agl}
456 1221 606 1343 ῗρῖο.
637 1221 686 1276 Ι.
724 1233 859 1344 018ίὸ
908 1221 1073 1344 δῖεῗ
1091 1227 1208 1343 25ot.
1271 1221 1441 1345 flgurn.
1495 1223 1635 1344 Ηὶἕ.
1665 1235 1700 1276 t.
1735 1228 1821 1294 59.
1878 1222 2050 1344 Ιῖῧςῖ.

372 1302 784 1434 DZ'{.t1¹25l33
864 1313 987 1346 me.
1070 1313 1154 1344 uc.
1209 1333 1219 1344 .
1261 1315 1278 1343 1
1328 1291 1417 1364 .f
1459 1315 1501 1346 1.
1609 1315 1687 1365 sp.
1722 1305 1761 1346 i.
1797 1314 1846 1350 2.
1971 1312 2049 1344 or.

302 1456 488 1506 Planta
523 1454 751 1522 pulchro
791 1455 976 1505 colore
1014 1471 1320 1523 purpureo,
1379 1453 1678 1505 exsiccatae
1732 1454 2052 1516 intensiore,

168 1527 486 1595 conspicua,
556 1529 634 1576 uti
667 1527 1051 1593 praecedentes
1092 1526 1303 1593 species
1355 1536 1585 1593 quatuor
1614 1526 1677 1575 ad
1710 1544 1802 1576 sex
1828 1525 2056 1593 pollices

169 1597 300 1657 alta,
361 1596 636 1647 dimidiam
674 1597 869 1645 lineam
915 1597 970 1644 in
1021 1597 1136 1647 basi
1179 1596 1310 1657 lata,
1382 1613 1518 1663 quae
1551 1595 1698 1645 basi
1740 1595 1939 1646 fibrosa
1975 1595 2057 1645 in-

164 1668 388 1729 nititur,
428 1667 706 1717 multoties
737 1665 1076 1734 pi‘nnatifida,
1115 1667 1322 1717 laciniis
1359 1666 1559 1715 ultimis
1599 1666 2056 1717 subunilateribus

164 1738 471 1806 pectinatis.
563 1737 954 1805 Sporangia
993 1738 1361 1805 magnitudine
1405 1736 1627 1786 seminis
1665 1737 1957 1802 Papaveris
1994 1736 2061 1786 ad

166 1810 333 1859 latera
367 1824 657 1867 ramorum,
697 1807 1018 1874 praesertim
1045 1806 1680 1874 superiorum‚..sessilia.
1755 1807 2058 1875 Gongyli

164 1890 447 1947 praeterea
485 1877 851 1937 subannulafi,
891 1895 1111 1928 mucoso
1149 1878 1316 1927 limbo
1356 1876 1524 1927 cincti
1561 1878 1616 1927 in
1655 1877 1799 1927 ciliis
1836 1877 2058 1928 minutis

166 1949 482 2000 lanceolatis
518 1949 682 1999 ramis
720 1949 1094 2015 superioribus
1134 1948 1368 2009 adnatis‚
1410 1964 1544 2016 quae
1570 1959 1629 1997 ut
1657 1948 1946 2016 plurimum
1977 1947 2058 1998 di-

167 2020 338 2073 versis
378 2018 767 2088 speciminibus
805 2019 1083 2086 pertinent
1120 2037 1228 2069 non
1268 2018 1770 2087 sporangiophoris.

307 2107 376 2159 In
414 2107 522 2158 oris
558 2106 835 2158 Brasiliae
874 2106 1221 2158 australioris
1251 2106 1474 2175 passim.

735 2273 902 2319 XXVI.
945 2272 1232 2317 AMANSIA
1272 2287 1492 2317 rancun.

340 2368 820 2450 Sporangia:
897 2369 1105 2450 apices
1163 2369 1566 2428 lacinularum
1617 2368 1858 2428 frondis
1902 2367 2060 2426 intu-

176 2452 359 2521 midi,
407 2450 608 2532 sporis
655 2450 1012 2530 gelatinosis
1057 2449 1286 2511 referti.

339 2536 582 2592 Frons
624 2533 1122 2603 membranacea,
1183 2534 1399 2614 plana,
1445 2531 1832 2612 pinnatifida,
1878 2551 2059 2589 rosea

179 2616 272 2675 vel
315 2636 639 2696 purpurea,
701 2631 969 2684 costam,
1016 2616 1411 2673 transversim
1453 2614 1811 2693 regulariter
1854 2613 2067 2671 striata

178 2698 413 2756 cellulis
457 2697 787 2778 hexagonis
833 2697 1194 2776 regulariter
1236 2697 1493 2757 seriatis.

649 2825 687 2865 l.
746 2827 1077 2864 AMANSIA
1130 2826 1583 2864 MULTIFIDA.

316 2914 378 2963 A.
416 2911 609 2962 fronde
645 2914 1049 2965 membranacea
1089 2927 1288 2964 costata
1319 2913 1613 2981 tripinnata
1651 2909 1864 2960 laciniis
1896 2907 2063 2957 linea-

179 2984 360 3044 ribus,
410 2983 653 3048 apicibus
685 2984 962 3035 revolutis.
998 3012 1066 3022 --
1138 2981 1409 3034 Lamour.
1454 2980 1607 3032 Ball.
1653 2978 1883 3028 Plu‘lom.
1932 2973 2064 3026 Mai

190 3055 335 3118 1809.
377 3061 415 3102 t.
453 3048 573 3119 (ms.
608 3050 665 3101 C.
694 3052 772 3104 L).
803 3052 874 3104 E.

318 3144 494 3192 Fucus
530 3142 782 3204 lineatus,
831 3140 1003 3194 Turn.
1036 3140 1178 3193 Hist.
1209 3152 1248 3193 t.
1284 3159 1401 3192 201.

316 3232 492 3296 Stirps
525 3231 913 3295 pulcherrima,
971 3249 1000 3280 e
1050 3233 1200 3282 basi
1256 3240 1458 3282 scutata
1513 3226 1835 3277 frondem
1900 3224 2064 3293 erigit

179 3301 309 3350 duas
349 3301 413 3349 ad
448 3300 634 3349 decem
673 3303 896 3368 pollices
949 3302 1107 3352 altam
1146 3303 1314 3351 nitide
1361 3313 1926 3365 roseo-purpuream,
1978 3312 2067 3344 ex-

181 3375 412 3421 siccatae
461 3371 670 3419 tandem
712 3383 766 3421 et
800 3373 1006 3423 vetulae
1058 3373 1306 3424 albidam.
1400 3371 1637 3435 Stipes
1689 3364 2069 3416 teretiusculus

183 3441 429 3491 crassitie
462 3441 622 3489 culmi
661 3441 923 3509 graminei
959 3460 1192 3510 unguem
1240 3441 1462 3493 circiter
1511 3439 1644 3488 altus
1683 3453 1892 3487 sursum
1927 3447 2068 3485 tran-

187 3514 330 3560 siens
367 3512 424 3560 in
459 3510 666 3560 frondis
705 3529 881 3562 ramos
932 3525 1107 3563 costas
1145 3513 1349 3562 ibidem
1385 3509 1717 3560 constituens
1753 3519 1911 3576 atque
1947 3522 2068 3555 ver-

185 3600 275 3632 sus
314 3581 495 3648 apices
534 3598 873 3631 evanescens,
961 3583 1146 3632 Rami
1198 3581 1522 3638 subalterni,
1582 3578 1878 3645 bipinnafi,
1942 3575 2069 3624 hinc

189 3651 311 3701 inde
349 3652 405 3701 in
440 3651 608 3702 latere
639 3651 904 3719 proliseri‚
945 3651 1102 3705 divisi
1133 3655 1187 3701 in
1215 3652 1405 3720 pinnas
1440 3648 1729 3719 pollicares
1767 3658 1822 3698 et
1861 3644 2069 3714 sesqui-
