2163 3852
837 221 1138 271 Llcmmsss.
1866 233 1934 295 53

56 374 371 454 hucusque
404 370 635 430 factum
675 385 797 442 est,
846 385 1183 430 structurae
1214 374 1379 432 notis
1428 374 1736 455 apothecii
1781 376 1932 433 thal-

55 458 171 517 live
208 476 351 512 usus
398 475 560 523 sum,
627 473 765 510 cum
806 452 977 512 thalli
1020 452 1394 513 differentiae
1438 458 1767 515 exteriores
1810 457 1934 515 sor-

57 559 225 607 mae,
293 535 550 604 coloris,
608 536 878 593 omnium
925 535 1520 596 inconstantissimae
1562 540 1700 597 sint.
1804 540 1935 597 Hac

58 618 443 679 solummodo
497 616 593 675 via
646 618 980 698 quidquam
1031 618 1180 674 certi
1218 639 1427 676 eruere
1467 642 1828 679 concessum
1871 621 1936 677 in

62 700 356 781 stirpibus
409 700 706 755 extraneis
743 721 812 756 ex
854 698 1134 756 herbario
1180 699 1566 771 definiendis,
1653 703 1755 782 qui
1810 724 1936 760 non

60 798 186 842 tam
233 803 374 838 raro
428 780 491 836 in
541 780 758 837 eodem
797 781 1027 838 cortice
1071 780 1217 838 licet
1264 802 1485 860 genere
1535 781 1936 843 diversissimi

60 864 310 923 omnino
356 861 572 920 eodem
614 862 878 941 gaudent
912 861 1141 920 thallo:
1227 864 1316 921 sie
1364 865 1468 944 qui
1511 864 1575 943 in
1615 865 1934 923 arboribus

63 944 638 1026 sempervirentibus
671 944 816 1002 lecti
854 958 1023 1014 sunt,
1090 943 1284 1003 thallo
1322 946 1619 1025 peculiari
1663 947 1756 1004 vel
1795 947 1936 1005 albo

59 1029 153 1088 vel
190 1026 564 1102 ochroleuco
605 1025 699 1085 vix
730 1026 1105 1095 rufescente,
1153 1027 1460 1085 isabellini
1498 1029 1648 1087 dicti
1685 1029 1933 1099 coloriS,

58 1109 280 1168 duritie
322 1107 564 1187 saepius
621 1128 829 1177 ossea,
910 1107 1217 1187 glabritie,
1303 1110 1503 1168 nitore
1564 1111 1939 1190 quodamet

59 1191 139 1250 ad
182 1190 511 1250 confinium
562 1191 897 1268 marginem
950 1205 1202 1268 anguste
1263 1192 1627 1271 saepiusque
1681 1192 1940 1273 duplici-

57 1289 152 1333 ter
187 1274 352 1332 varie
390 1271 704 1330 crenulato
742 1272 919 1349 nigro
964 1272 1058 1330 vel
1094 1271 1398 1352 profunde
1434 1274 1632 1332 inciso
1662 1273 1725 1352 ³¹²)
1768 1279 1942 1334 inco-

58 1356 280 1425 lorato,
325 1354 502 1434 raphi
526 1374 742 1411 osseae
765 1352 1075 1411 simillimo
1101 1369 1456 1412 constanter
1482 1356 1751 1433 insignes
1777 1371 1936 1416 sunt.

60 1439 211 1497 Cum
242 1437 394 1493 haec
429 1450 633 1492 tamen
667 1434 928 1492 fideliter
965 1435 1372 1493 describenda
1411 1451 1648 1507 essent,
1709 1453 1769 1494 et
1802 1460 1940 1496 cor-

60 1520 201 1578 ticis
247 1532 465 1574 natura
520 1516 762 1596 saepius
806 1515 1053 1585 lateret,
1134 1517 1213 1574 ad
1268 1519 1533 1597 cujusvis
1582 1520 1811 1599 speciei
1847 1520 1938 1578 lo-

61 1622 200 1659 cum
230 1598 495 1657 natalem
532 1598 683 1654 alias
725 1598 906 1658 citavi
941 1598 1179 1678 species
1218 1599 1280 1655 in
1326 1600 1548 1658 iisdem
1589 1602 1941 1681 specimini-

59 1682 173 1740 bus
200 1681 310 1742 ·vel
347 1680 616 1739 confines
650 1680 743 1739 vel
783 1693 1016 1738 remote
1053 1680 1373 1760 degentes,
1449 1697 1514 1741 ut
1554 1684 1658 1763 qui
1702 1684 1944 1742 demum

59 1764 306 1823 easdem
345 1763 410 1820 in
452 1762 593 1820 loco
629 1761 822 1819 natali
860 1762 1329 1842 investigaturus
1380 1765 1496 1836 sit,
1569 1767 1941 1846 compendio

55 1843 270 1906 nostro
305 1865 419 1925 pro
457 1844 610 1902 duce
646 1859 881 1914 utatur,
944 1846 1214 1917 confines
1257 1844 1562 1917 conferat,
1626 1869 1697 1906 ac
1737 1864 1936 1920 notae,

61 1927 282 2008 quibus
323 1941 617 2006 utraeque
661 1926 1053 1996 conveniant,
1113 1949 1228 2008 pro
1262 1929 1461 1989 minus
1501 1930 1937 1988 essentialibus

55 2010 310 2076 habeat,
353 2023 726 2088 nostrosque
755 2008 844 2066 sic
878 2009 1078 2088 possit
1113 2011 1418 2090 corrigere
1456 2031 1715 2070 errores.
1802 2015 1940 2071 Hoc

61 2112 308 2174 quoque
346 2089 532 2149 modo
570 2090 933 2160 eruendum,
1011 2091 1253 2149 cuinam
1300 2093 1532 2174 speciei
1570 2094 1744 2153 limes
1788 2095 1938 2153 duas

56 2174 326 2231 confines
384 2173 708 2252 sejungens
758 2172 838 2229 sit
876 2173 1199 2254 proprius,
1274 2196 1459 2255 quem
1504 2175 1652 2235 licet
1689 2176 1940 2234 minime

53 2277 170 2336 pro
215 2269 365 2313 nota
400 2268 722 2312 constante
760 2254 1048 2334 specifica
1080 2255 1370 2328 habeam,
1432 2259 1496 2315 in
1530 2258 1809 2339 plurimis
1848 2273 1939 2317 ta-

53 2357 194 2394 men
231 2335 311 2394 ob
356 2356 601 2394 causam
636 2335 1131 2415 physiologicam
1174 2338 1522 2397 describere
1560 2362 1690 2398 non
1730 2361 1940 2421 super-

57 2418 247 2476 fluum
278 2418 437 2475 duxi.
542 2417 894 2495 Singulares
935 2418 1077 2476 dein
1119 2419 1293 2477 thalli
1341 2421 1780 2479 consistentiae
1827 2445 1939 2480 no-

57 2515 152 2559 tas
212 2499 277 2556 in
332 2499 592 2579 tropicis
649 2500 1016 2579 praesertim
1073 2500 1459 2569 observataS,
1553 2505 1939 2583 quantumvis

55 2582 272 2641 forsan
309 2582 500 2661 magis
548 2581 871 2661 minusque
927 2602 961 2638 e
1001 2584 1251 2642 corticis
1296 2600 1517 2642 natura
1573 2586 1935 2667 pendenteS,

54 2663 371 2722 brevitatis
424 2663 628 2722 studio
682 2664 855 2722 novis
915 2665 1191 2723 terminis
1251 2666 1573 2746 designare
1633 2669 1937 2739 convenit,

27 2763 159 2825 'qul
210 2759 380 2802 sunt:
1834 2801 1836 2805 ,

218 2828 282 2905 1)
327 2827 599 2885 Crusta
640 2828 1078 2902 mazoidea3
1159 2850 1314 2909 quae
1368 2831 1531 2889 intus
1577 2833 1935 2913 spongiosa,

50 2924 219 2967 extus
280 2930 312 2965 0
354 2907 783 2988 prominentiis
843 2909 1181 2968 latiusculis
1239 2912 1682 2992 inaequabiliS,
1775 2916 1939 2974 sicca

51 2989 418 3060 duriuscula,
464 3006 773 3049 macerata
806 2991 1053 3050 mollior
1078 3007 1139 3051 et
1170 2992 1488 3066 diffluenS,
1533 2998 1938 3056 communiter

52 3071 460 3131 colorificanS.
520 3074 529 3079 ’

214 3150 282 3230 2)
339 3154 615 3212 Crusta
671 3154 948 3225 vitrea,
1024 3177 1179 3236 quae
1235 3158 1465 3236 rigida,
1545 3161 1611 3218 in
1664 3161 1935 3219 lamellas

52 3234 394 3315 pellucidas
437 3235 618 3292 facile
664 3236 956 3295 secedens
969 3278 988 3307 ,
1036 3238 1231 3296 cultro
1276 3240 1477 3298 rasilis
1521 3257 1668 3300 est.-

88 3337 92 3343 ·
215 3315 280 3392 5)
325 3317 471 3375 Gru
489 3331 605 3374 sta
648 3334 946 3390 cerata,
995 3342 1148 3399 quae
1191 3321 1367 3380 valde
1409 3322 1740 3402 laevigata,
1787 3326 1931 3382 niti-

57 3397 354 3467 diuscula,
401 3420 612 3456 omnes
657 3400 906 3459 corticis
950 3403 1134 3460 rimas
1177 3401 1461 3463 obducit:
1510 3421 1698 3465 strato
1745 3406 1945 3464 corti-r

53 3478 172 3536 cali
213 3479 523 3561 pellucido
567 3495 633 3538 ut
659 3481 987 3561 plurimum
1026 3484 1324 3543 colorato.

104 3659 147 3711 θ)
177 3654 308 3704 leon·
340 3659 428 3705 sel.
462 3660 560 3707 tab.
587 3666 630 3710 6.
662 3661 739 3722 fig.
772 3661 833 3707 ΙΙ.
866 3663 964 3708 tab.
994 3671 1062 3711 10.
1095 3665 1172 3724 fig.
1199 3666 1282 3712 IV.
1311 3672 1353 3712 2.
