2163 3852
154 111 224 164 76
795 101 1085 151 Licnmms
1123 99 1390 150 GnAPms.

159 274 265 328 que
343 253 657 306 tenuissime
732 249 985 312 sulcatis,
1052 248 1294 316 margine
1361 245 1597 298 thallode
1644 246 1823 308 vario,
1892 263 2036 298 cras-

160 327 394 380 siusculo
433 337 488 374 ct
526 321 788 372 subnullo.

306 409 484 462 Thalli
533 403 797 456 crustacei
836 401 1195 453 conformatio
1237 399 1451 449 tenuior
1494 410 1548 448 et
1577 398 1746 466 magis
1783 395 2043 464 laevigata

83 523 90 530 s
162 501 265 552 pro
301 479 503 546 majore
549 488 698 541 parte
732 492 758 522 a
794 485 981 523 natura
1025 470 1246 522 corticis
1298 482 1350 519 et
1397 469 1675 536 juventute
1730 467 2045 534 speciminis

164 551 312 602 unici
367 547 507 617 quod
554 545 702 593 adest
726 545 964 610 pendere
988 544 1217 591 videtur.
1271 540 1567 606 Apothecia
1597 556 1750 606 quam
1777 538 1830 585 in
1857 534 2044 604 priore

165 621 444 689 longiora,
482 617 632 666 vario
671 614 829 664 modo
873 612 1107 663 flexuosa
1150 629 1248 662 nec
1287 611 1535 676 parallela
1577 620 1630 658 et
1667 608 1874 670 divisa,
1931 606 2043 655 illis

162 697 264 746 Gr.
305 697 720 755 angustatae
759 685 951 734 similia
981 684 1076 732 sed
1114 692 1409 739 structura,
1448 679 1701 728 nimirum
1738 677 2044 743 perithecio

162 761 339 830 amplo
379 773 478 807 nec
518 771 829 821 compresso
872 757 975 804 Gr.
1027 753 1431 816 duplicatae
1483 749 1649 815 magis
1702 747 1904 798 affinia.
1961 747 2045 797 An

157 833 409 884 distincta
451 827 660 893 species
698 826 798 887 sit,
841 824 1067 873 ulterius
1104 820 1501 890 inquirendum.

297 909 498 961 Crescit
537 909 590 958 in
629 908 885 957 arborum
937 904 1132 953 cortice
1168 904 1239 952 act
1276 898 1648 970 ripamjlnvii
1677 899 2038 965 Amazonum,

157 977 388 1049 confinis
427 978 690 1048 Graplzidi
727 977 1127 1046 clzrysocarpae
1164 992 1279 1025 var.
1318 973 1735 1024 cinnamomeue.

341 1154 349 1180 x
670 1182 714 1224 5·
764 1191 1097 1229 GRAPHIS
1143 1189 1426 1226 comMA.
1472 1177 1504 1230 -ί-

302 1312 396 1362 Gr.
427 1318 601 1358 crusta
627 1304 890 1354 laminoso
909 1302 1345 1352 -membranacea
1371 1299 1630 1366 pruinoso
1647 1298 2048 1366 -pulverulenta

161 1382 278 1434 alba
298 1380 544 1437 evanida,
583 1375 883 1444 apotheciis
906 1373 1304 1440 emergentibus
1326 1370 1706 1420 subsessilibus
1745 1370 2048 1436 subsimpli-

152 1453 309 1515 ‚cibus
370 1448 662 1517 gracilibus
726 1441 1177 1511 punctisormilius
1235 1453 1287 1492 et
1340 1440 1634 1490 linearibus
1685 1441 2045 1503 rectiuscul'is,

158 1525 310 1574 disco
350 1522 508 1587 plano
547 1516 893 1569 canaliculato
931 1514 1103 1576 nudo,
1148 1512 1389 1579 margine
1425 1511 1663 1562 thallode
1713 1528 1832 1561 cum
1881 1511 2047 1563 thallo

161 1593 413 1646 evanido.

309 1677 634 1747 Opegrapha
672 1677 918 1734 Comma,
955 1669 1102 1722 Acte.
1139 1668 1276 1739 Syn.
1308 1687 1367 1738 ρ.
1405 1668 1490 1736 73.

300 1767 626 1836 Opegrapha
666 1765 860 1826 cincta,
901 1759 1052 1834 Pers.
1089 1760 1237 1810 Acta
1285 1758 1497 1810 PVetter
1514 1751 1757 1812 Vol.'II.
1800 1779 1839 1808 ι.
1873 1777 1934 1828 p.
1967 1758 2046 1812 25.

368 1838 481 1888 tab.
530 1855 605 1886 10.
632 1829 744 1903 fig.
783 1845 835 1895 4.
873 1831 1018 1883 Ach.
1057 1828 1195 1898 Syn.
1227 1849 1284 1899 ρ.
1323 1830 1444 1892 334.

309 1925 638 1996 Opegrapha
674 1923 942 1974 farinacea
965 1958 979 1983 ‚
1022 1917 1127 1969 Fe'e
1165 1918 1200 1970 l.
1241 1936 1288 1970 c,
1319 1938 1378 1987 p.
1419 1915 1533 1974 27?

311 2016 639 2087 Opegrapha
675 2013 881 2075 calcea,
923 2008 1027 2059 Fe‘e
1064 2008 1102 2059 l.
1144 2026 1190 2059 c.
1224 2027 1281 2075 p.
1325 2004 1441 2059 28?

297 2126 515 2176 Thallus
573 2134 880 2172 crustaceus
937 2118 994 2167 in
1046 2116 1164 2167 aliis
1216 2115 1565 2166 tenuissimus
1620 2114 2053 2166 suborhiculatus

166 2197 485 2266 pruinosus,
527 2194 581 2242 in
622 2193 743 2242 aliis
778 2190 962 2257 junior
1000 2188 1323 2253 laevigatus,
1364 2188 1491 2235 (lein
1530 2186 2054 2253 subpulverulentus,

165 2268 447 2327 evanidus,
518 2266 573 2313 in
626 2263 854 2312 aliorum
915 2258 1188 2308 lichenum
1248 2256 1483 2308 confinio
1547 2257 1703 2322 nigro
1728 2286 1748 2294 -
1776 2257 2051 2306 limitatus.

161 2337 461 2405 Apothccia
497 2333 820 2384 rectiuscula
859 2348 965 2379 non
1004 2346 1134 2379 vero
1175 2327 1461 2394 parallela,
1524 2327 1685 2376 etiam
1732 2327 2055 2393 simpliciter
2104 2383 2115 2389 ¹

167 2419 384 2458 curvata
434 2406 517 2458 vel
567 2404 693 2452 bina
743 2414 896 2451 terna
945 2399 1321 2456 cohaerentia,
1387 2409 1444 2446 ut:
1489 2415 1698 2446 ramosa
1749 2409 2054 2463 appareant,

163 2479 437 2537 conserta,
479 2474 730 2541 gracilia,
773 2473 829 2520 in
863 2470 1025 2519 thallo
1049 2467 1404 2518 crassiusculo
1446 2466 1701 2532 (juniora)
1732 2486 1759 2515 a
1811 2468 2054 2535 margine

160 2549 398 2599 thallode
438 2546 694 2595 distincto
732 2543 932 2600 cincta,
974 2541 1029 2588 in
1074 2539 1239 2587 thatlo
1282 2538 1533 2586 tenuiore
1582 2536 1866 2601 graciliora
1919 2555 2056 2586 mar-

163 2619 290 2685 gine
319 2616 554 2666 thallode
587 2613 765 2673 nullo,
815 2611 943 2659 hinc
984 2608 1457 2674 Opegraphae
1508 2607 1720 2656 similia.
1807 2607 2058 2656 Perithe-

164 2689 305 2739 cium
333 2689 388 2736 in
417 2685 691 2753 prioribus
735 2680 961 2730 subinde
995 2678 1110 2728 basi
1138 2679 1406 2742 integrum
1443 2694 1658 2742 semper
1692 2693 1821 2726 vero
1854 2677 2055 2726 ibidem

162 2769 524 2815 attenuatum,
566 2770 775 2802 sursum
812 2751 972 2798 initio
1012 2759 1344 2813 angustatum
1383 2747 1509 2796 dein
1561 2747 1852 2797 dilatatum.
1914 2748 2057 2798 The-

162 2847 256 2880 cae
287 2828 524 2876 minutae
555 2821 982 2887 subcylindricae
1017 2819 1222 2886 pluries
1247 2819 1541 2867 annulatae.

308 2931 508 2982 Crescit
540 2930 612 2978 (αἱ
644 2928 903 2977 arborum
935 2924 1187 2975 corticem
1214 2942 1384 2992 prope
1403 2921 1655 2986 Baliietm,
1687 2917 1918 2987 confinis
1942 2921 2053 2972 Ar-

166 3003 385 3055 thoniae
420 2998 822 3070 polymorpho&
865 3015 983 3046 var.
1014 2994 1212 3063 glauco
1229 2991 1487 3062 -suscae,
1547 2992 1793 3042 Ustaliae
1833 2993 2052 3059 gracili,

180 3072 537 3125 Verrncariae
577 3068 977 3118 circumscisscte
1015 3075 1065 3115 et
1107 3066 1350 3131 sequenti
1414 3063 1694 3126 varietati,
1732 3058 1855 3112 ‹leiti
1883 3083 2053 3131 prope

172 3143 461 3201 svlarcaecas,
480 3136 709 3205 confinis
736 3139 789 3189 V
779 3136 1089 3188 errncariae
1107 3136 1326 3195 citatae,
1366 3133 1670 3184 Parmeliae
1691 3134 1905 3196 rubrae,
1946 3138 2058 3183 Ar·

173 3215 389 3265 tltoniae
413 3209 815 3281 polymorphota
860 3226 978 3260 var.
1017 3205 1345 3267 maculanti,
1387 3201 1970 3275 Gl372lec‘cliscwnlosae
2006 3212 2057 3254 et

172 3285 415 3354 sequenti
442 3281 713 3334 varietati.

313 3391 556 3443 Adnot.
629 3388 807 3439 Etiam
864 3385 1018 3453 hujus
1070 3383 1276 3451 speciei
1333 3383 1612 3450 apothecia
1666 3382 1960 3432 obveniunt
2003 3382 2058 3432 in

176 3463 337 3516 thallo
378 3460 708 3513 ochroleuco
761 3457 1025 3525 laevigato
1076 3457 1124 3509 V
1140 3472 1211 3504 er
1228 3472 1254 3503 r
1276 3473 1307 3503 u
1324 3470 1352 3503 c
1371 3474 1397 3503 a
1413 3456 1467 3503 ri
1486 3472 1513 3503 a
1529 3471 1557 3503 e
1616 3469 1644 3503 c
1661 3452 1678 3500 i
1694 3470 1760 3502 rc
1776 3473 1808 3502 u
1826 3472 1911 3503 ms
1928 3452 2055 3504 cis-

177 3552 287 3587 sae
325 3530 551 3586 confinis
570 3568 583 3595 ,
632 3546 791 3600 quam
820 3528 919 3579 cfr.
950 3544 1053 3578 una
1080 3541 1200 3577 cum
1238 3524 1578 3577 Arthonia
1615 3523 1795 3577 citata.
