2163 3852
179 214 249 268 60
967 212 1274 261 meunes,

181 362 287 443 qui
337 382 548 421 omnes
599 362 807 420 colore
850 374 1087 420 tantum
1130 360 1453 441 peritheeii
1511 360 1835 432 differunt,
1916 383 2056 421 cum

181 443 470 503 scutellae
486 443 821 501 Lichenum
846 442 1282 524 hypotheeium
1311 443 1554 524 saepius
1583 442 2057 511 crassiusculum

182 523 342 584 intus
388 525 715 603 conspicue
764 523 1022 583 subinde
1057 524 1826 602 hexagono-cellulosum,
1902 546 2056 585 nun-

182 627 365 688 quam
414 606 605 675 desit,
679 606 743 663 ni
790 605 1002 666 forsan
1041 606 1105 663 in
1155 604 1530 665 Solorina
1579 608 1759 666 Ach.
1804 603 2057 686 (genere

181 708 218 746 a
251 687 694 746 recentioribus
735 709 872 746 cum
911 687 1311 766 Peltigera
1364 689 1729 769 conjunctO,
1806 688 2059 769 apothe-

182 768 418 827 ciorum
452 790 596 829 vero
637 769 1001 829 evolutionis
1041 769 1224 827 modo
1270 771 1526 828 maxime
1575 768 1898 847 distincto)
1959 791 2060 826 ru·

185 849 518 908 dimentum
553 851 935 910 solummodo
973 851 1234 911 fovente.

343 933 507 990 Inter
544 933 812 992 diversas
851 955 961 1014 per
1006 947 1266 991 aetatem
1302 932 1688 1002 mutationes,
1734 947 1802 992 ut
1824 947 2061 991 taceam

179 1013 496 1073 Acharii
533 1035 770 1073 errores
802 1015 876 1073 ab
902 1015 1037 1072 aliis
1077 1015 1414 1073 recensitos
1432 1056 1448 1084 ,
1495 1014 1751 1093 insignis
1781 1029 1876 1074 est
1911 1036 2062 1073 eon-

182 1095 372 1154 fluxus
418 1095 683 1176 plurium
732 1097 1223 1175 apotheciorum,
1291 1097 1392 1177 qui
1440 1097 1634 1153 rarius
1671 1096 1735 1153 in
1778 1101 1834 1158 V
1853 1117 2061 1153 erru-
2118 1152 2135 1159 ,

182 1176 421 1235 cariis
454 1176 515 1253 ²¹³)
562 1192 621 1234 et
664 1177 1176 1256 Pyrenastris
1215 1178 1349 1252 W),
1395 1177 1777 1257 frequentius
1822 1193 1882 1236 et
1920 1177 2061 1237 sub-

181 1258 324 1317 inde
381 1282 416 1316 a
476 1259 672 1340 prima
734 1259 1041 1338 juventute
1095 1259 1157 1317 in
1209 1259 1897 1339 Trypetheliaceis
1957 1280 2062 1318 oc-

182 1340 405 1415 currit3
476 1363 612 1399 cum
648 1360 790 1398 vero
825 1341 890 1398 in
930 1341 1025 1398 his
1064 1340 1404 1399 substantia
1449 1362 1737 1399 verrucae
1791 1341 1930 1400 alba
1966 1340 2062 1400 {rel

100 1423 105 1428 ’
183 1422 459 1481 colorata
497 1445 617 1482 una
653 1423 882 1480 sensim
924 1438 1275 1492 evanescat,
1349 1423 1686 1504 perithecia
1721 1424 1873 1482 haec
1913 1444 2062 1482 con-

179 1519 323 1563 nata
360 1525 473 1585 pro
526 1504 793 1564 verrucis
845 1505 996 1585 ipsis
1048 1505 1315 1562 habuere
1363 1520 1706 1585 statumque
1746 1504 2059 1586 Glyphi-

183 1585 301 1644 dis
365 1586 700 1667 juniorem,
805 1588 976 1667 cujus
1050 1587 1389 1667 perithecia
1458 1588 1729 1646 nondum
1795 1601 2062 1646 connata

180 1682 352 1737 sunt,
394 1668 641 1728 nomine
681 1669 1277 1749 Sarcographae
1319 1671 1464 1728 Fee
1510 1691 1554 1726 s.
1599 1669 2061 1728 Asteriscae

181 1751 441 1828 Meyer
494 1772 534 1827 a
587 1764 798 1809 nostra
855 1752 964 1808 Me
984 1750 1076 1807 du
1095 1751 1263 1808 sula
1317 1752 1567 1810 omnino
1626 1751 1900 1810 diversae
1955 1751 2062 1809 de·

180 1832 558 1912 scripserunt
590 1845 869 1890 auctores
914 1832 1103 1890 citati.

342 1915 484 1971 Non
531 1913 778 1992 majoris
816 1913 1062 1972 tandem
1098 1913 1393 1972 momenti
1436 1913 1624 1972 altera
1663 1915 2060 1996 superiorque

180 1994 514 2053 Liehenum
574 1994 792 2053 divisio
846 1996 957 2053 cel.
1011 1995 1300 2075 Meyeri
1369 1995 1434 2053 in
1489 2017 2058 2077 gymnosporos

181 2097 287 2135 seu
319 2077 849 2157 coniocarpos
888 2093 947 2136 et
986 2079 1510 2158 angiosporos
1556 2098 1662 2136 seu
1687 2079 1882 2137 thecis
1919 2099 2063 2160 spo-

180 2158 396 2236 rigeris
422 2159 751 2216 instructos
771 2181 789 2232 3
839 2159 996 2218 inter
1022 2161 1229 2218 thecas
1255 2158 1418 2216 enim
1438 2174 1499 2218 et
1526 2180 1741 2240 sporas
1765 2162 1828 2218 in
1844 2160 2062 2219 Liche-

183 2240 361 2299 m‘hus
416 2239 631 2296 saltem
690 2240 889 2298 nullus
941 2242 1148 2299 limes:
1227 2240 1467 2321 priores
1512 2242 1797 2300 nimirum
1847 2243 1912 2300 in
1963 2243 2061 2300 his

183 2343 311 2381 non
346 2342 598 2403 semper,
637 2322 803 2401 quod
836 2323 899 2379 in
929 2323 1151 2402 Fungis
1179 2322 1554 2402 frequentius
1593 2339 1651 2381 et
1684 2325 2061 2384 constantius

184 2403 449 2472 obtinet,
529 2403 797 2461 clavatae
852 2405 944 2463 vel
1005 2405 1378 2484 cylindricae
1426 2404 1559 2462 basi
1610 2406 1852 2464 innatae
1903 2423 2057 2478 sunt,

186 2486 296 2543 sed
328 2485 567 2566 saepius
602 2484 908 2565 ellipticae
942 2486 1171 2544 liberae
1204 2486 1299 2543 vel
1330 2487 1494 2544 tenui
1533 2488 1796 2546 flocculo
1840 2487 2062 2546 adhae-

184 2581 417 2637 rentes,
513 2567 785 2646 ejusdem
844 2568 1077 2625 formae
1138 2589 1351 2648 sporas
1418 2568 1734 2635 annulatas
1809 2592 2063 2629 numero

184 2649 350 2707 vario
423 2649 696 2707 foventes
715 2690 728 2714 ,
848 2650 1086 2707 annulis
1172 2666 1194 2706 1
1215 2690 1230 2718 ,
1307 2662 1342 2708 2
1369 2692 1381 2704 .
1409 2694 1420 2705 .
1447 2694 1457 2706 .
1485 2695 1496 2706 .
1564 2661 1640 2712 30
1712 2652 2066 2732 frequenter

183 2731 402 2788 iterum
456 2729 762 2789 cellulosis
806 2731 899 2788 vel
949 2751 1268 2811 sporarum
1321 2731 1624 2790 minorum
1670 2735 1854 2814 copia
1904 2735 2063 2793 sarc—
2112 2737 2128 2744 ⁶

183 2812 295 2881 tis,
393 2812 537 2869 hinc
602 2812 848 2869 easdem
916 2813 1112 2893 (quae
1165 2812 1420 2871 subinde
1474 2815 1750 2872 ordinem
1791 2815 2064 2875 indicare

184 2907 477 2974 possunt,
547 2915 682 2950 cum
727 2895 789 2951 in
822 2896 1043 2973 Fungis
1086 2917 1396 2975 nunquam
1431 2895 1581 2956 tales
1618 2894 1901 2975 viderim)
1951 2921 2063 2979 po-

185 2975 303 3034 tius
355 2974 709 3034 theculas
772 2996 818 3032 s,
880 2977 1190 3035 ascidia
1245 2977 1567 3052 dicendas,
1649 2979 1861 3038 eadem
1918 3002 2062 3039 vero

191 3077 402 3125 causa,
449 3056 500 3113 si
531 3077 954 3137 gymnospo
974 3081 1055 3116 ro
1076 3081 1101 3117 s
1138 3080 1538 3129 recensemuS,
1585 3082 1803 3140 sporae
1834 3059 2063 3143 (spori·

192 3139 290 3197 dia
321 3137 612 3216 Meyer)
662 3139 942 3218 (lislymae
982 3155 1042 3198 et
1067 3141 1320 3198 seriatae
1364 3142 1426 3200 in
1457 3142 1808 3221 Calyciis
1848 3159 1909 3202 et
1959 3166 2064 3225 cy-

192 3220 486 3278 lindricae
529 3222 867 3290 annulatae,
916 3223 1123 3302 quales
1165 3223 1276 3280 cel.
1311 3223 1643 3281 Linkius
1684 3225 1748 3282 in
1783 3227 2063 3307 Sphae-

195 3325 220 3357 r
239 3324 274 3360 o
290 3322 329 3382 p
347 3303 385 3359 h
402 3323 439 3359 0
457 3323 537 3358 ro
581 3303 701 3381 jam
723 3303 950 3360 dudum
971 3319 1218 3362 naturae
1243 3305 1671 3364 convenienter
1687 3306 2066 3366 demonstra-

194 3384 292 3450 vit,
341 3384 512 3440 thee
532 3403 611 3440 ae
653 3384 947 3442 dicendae
984 3401 1138 3444 sunt.
1203 3388 1272 3445 In
1302 3387 1578 3469 plurimis
1612 3390 1941 3468 generatim
1971 3391 2060 3449 vix

193 3521 232 3530 -ι

247 3593 296 3644 ’)
326 3591 458 3634 Icon.
489 3591 572 3635 sel.
608 3592 773 3650 Crypt.
801 3593 896 3635 tab.
931 3598 970 3640 8.
1001 3593 1076 3651 fig.
1104 3598 1143 3638 2.

218 3649 292 3702 ss)
326 3648 454 3691 leon.
487 3648 572 3692 sel.
604 3647 772 3707 Crypt.
806 3650 902 3693 tab.
932 3654 974 3698 9.
1007 3650 1079 3706 fig.
1109 3657 1144 3696 1.
