2163 3852
181 109 286 162 268
787 101 1087 148 Licunmts.
1147 99 1448 148 Cnanoma.

184 255 345 305 citata
379 252 540 302 nimis
567 250 728 317 longe
761 249 1030 299 removeri
1076 247 1315 296 deberet.
1385 247 1648 315 Equidem
1687 250 1860 299 variae
1892 266 2054 318 gene-

180 325 259 374 ris
309 324 519 389 species
561 337 591 368 e
636 330 822 368 centro
867 319 1184 384 scyphorum
1234 317 1458 366 subinde
1510 316 1907 384 prolificantur‚
1957 321 2053 370 sed

183 394 376 444 eodem
416 392 576 440 modo
617 406 674 438 se
707 389 904 438 habent
941 388 1157 437 aliarum
1192 386 1476 437 Cladoniae
1514 388 1810 437 sectionum
1844 389 2054 439 charac-

181 474 328 514 teres
384 460 716 527 propositae.
766 488 835 496 --
923 459 1310 520 Cenomyce
1373 457 1847 518 verticillata,
1917 476 2054 511 var.

181 531 640 601 phyllophora
702 530 887 577 Laur.
946 526 1146 575 Herh.
1210 526 1420 586 Sieb.,
1489 539 1737 596 quantum
1782 528 2056 577 ernostris

181 600 561 670 speciminibus
590 609 752 665 patet,
783 597 997 666 longius
1029 596 1090 646 ab
1121 595 1204 644 his
1234 598 1515 662 speciebus
1544 598 1800 648 recedere
1827 597 2056 649 videtur.

597 765 644 807 6·
698 770 1080 807 cLADONIA
1164 769 1661 806 PERFOLIATA.

320 877 398 929 Cl.
434 876 670 944 podetiis
704 875 1112 939 subcylindricis
1154 874 1351 941 glabris
1397 871 2055 923 albido-cineraseentibus

180 949 392 998 demum
423 947 848 996 fuscescentibus
885 945 1124 994 omnibus
1160 943 1509 1010 scyphiseris,
1549 943 1757 1009 scyphis
1795 943 2056 1010 regulari·

180 1017 280 1067 bus
334 1016 676 1084 planiusculis
723 1016 947 1064 subinde
999 1015 1231 1080 pertusis
1285 1015 1523 1079 margine
1578 1013 2055 1062 lacero-radiatim

175 1085 761 1154 spinuloso-fimbriatis
797 1101 826 1132 e
857 1097 1041 1133 centro
1078 1081 1670 1149 repetito-prolifcris,
1711 1081 1934 1132 fimbriis
1972 1083 2053 1132 di-

179 1157 310 1210 visis
347 1157 513 1206 fuscis
551 1156 701 1221 apice
744 1156 953 1220 saepius
986 1154 1281 1203 fructiferis
1332 1153 1416 1201 vel
1455 1152 1888 1218 pulvinuliferis,
1927 1170 2052 1220 apo-

184 1226 378 1277 theciis
417 1225 767 1291 (abortivis‘J)
805 1225 984 1292 parvis
1024 1223 1363 1292 subglobosis
1399 1223 1586 1272 fuscis.

322 1313 479 1365 Flke.
517 1322 794 1363 comment.
832 1331 990 1362 nova.
1034 1331 1088 1378 ρ.
1129 1312 1213 1362 30.

326 1400 625 1462 Cenomyce
672 1397 1015 1455 verticillata,
1072 1393 1253 1444 Raddi
1297 1392 1351 1442 in
1403 1392 1530 1441 Atti
1573 1391 1716 1442 della
1766 1394 1881 1441 Soc.
1934 1389 2052 1442 ital.

387 1467 526 1517 delle
559 1467 762 1517 science
803 1465 910 1517 Vol.
945 1463 1172 1515 XVIII.
1206 1484 1262 1533 ρ.
1291 1464 1374 1525 34.
1414 1462 1521 1511 tab.
1555 1463 1604 1513 3.
1628 1458 1738 1531 flag
1769 1472 1815 1524 4.
1846 1461 2056 1526 (1820.)

317 1550 571 1603 Cladonia
610 1551 911 1620 spinigera,
969 1546 1178 1616 Ilffeyer
1216 1548 1252 1599 l.
1292 1565 1335 1595 c.
1382 1566 1437 1614 p.
1485 1555 1580 1606 ¹04
1631 1544 1762 1610 (fide
1803 1545 2055 1611 specimi-

383 1622 488 1738 pisc
505 1622 558 1722 ip
595 1621 746 1671 herb.
785 1625 918 1688 Reg.
958 1619 1201 1683 Berol.);
1258 1636 1322 1667 an
1357 1618 1512 1667 etiam
1553 1615 1629 1667 Cl.
1667 1616 1850 1667 foliata
1887 1614 2054 1682 ejusd.

315 1770 1135 1893 scffhophgrgsa*fenicularis'
1177 1765 1355 1819 Mich.
1393 1766 1490 1820 Fl.
1525 1767 1662 1819 Bor.
1702 1767 1887 1818 Amer.
1937 1765 2052 1817 Vol.

448 1881 460 1892 .
509 1862 565 1910 ρ.
644 1860 670 1891 2
724 1881 735 1890 .

276 1931 454 1983 Thalli
493 1930 684 1982 foliola
731 1942 783 1980 et
826 1928 1167 1997 podetiorum
1203 1926 1355 1976 initia
1388 1927 1443 1976 in
1485 1927 1639 1993 copia
1682 1925 2052 1995 speciminum,

174 2021 330 2073 quam
378 2008 558 2052 coram
612 2001 898 2061 habemus,
965 2000 1132 2048 deest.
1220 1998 1446 2048 Podetia
1497 1997 1842 2063 longissima,
1912 1997 2056 2058 (cum

169 2071 682 2141 prolificationibus)
733 2069 1298 2138 tri-quadriuncialia,
1353 2086 1452 2134 pro
1506 2067 1874 2134 magnitudine
1926 2067 2054 2116 satis

173 2143 431 2212 gracilia,
505 2141 769 2208 fistulosa,
842 2141 1050 2208 glabra,
1114 2138 1755 2188 alhido-cinerascentia.
1842 2135 2055 2186 Prolifi-

174 2214 412 2263 cationes
477 2230 646 2280 usque
697 2210 1023 2270 duodecim,
1103 2208 1427 2275 cylindricae
1486 2208 1567 2258 vel
1626 2224 1835 2256 sursum
1899 2205 2057 2255 deor-

171 2301 395 2351 sumque
443 2300 625 2331 vcrsus
659 2280 887 2347 scyphos
925 2280 1091 2346 magis
1129 2280 1371 2328 minusve
1416 2276 1793 2343 amplificatae,
1832 2276 2059 2326 inferio-

170 2371 261 2404 res
305 2354 552 2421 aequales
594 2353 709 2400 sere
751 2351 1102 2400 semunciales
1153 2349 1363 2415 saepius
1408 2349 1621 2397 omnino
1667 2348 2052 2406 suscescentes,

172 2424 485 2489 superiores
529 2421 866 2489 longitudine
920 2433 972 2470 et
1022 2420 1266 2469 crassitie
1322 2436 1439 2468 cum
1489 2419 1808 2483 scyphorum
1855 2417 2057 2466 ambitu

170 2493 575 2543 descrescentes
605 2494 670 2541 ad
695 2492 845 2540 basin
877 2503 1077 2539 tantum
1114 2507 1232 2539 cum
1271 2490 1590 2555 scyphorum
1623 2485 1912 2554 superficie
1944 2486 2053 2536 fus·

172 2575 483 2623 cescentes,
535 2579 765 2611 summae
816 2562 1014 2627 scypho
1055 2561 1271 2607 minimo
1319 2560 1561 2609 abortivo
1598 2558 1715 2606 sere
1763 2557 2055 2623 capitatae3

171 2634 463 2701 pleraeque
504 2633 774 2697 simplices
815 2649 855 2680 s.
894 2631 1162 2679 solitariae
1203 2647 1309 2677 non
1355 2646 1477 2677 raro
1530 2628 1685 2676 binae
1735 2637 2054 2694 aggregatae

173 2703 492 2772 quandoque
533 2703 783 2769 utrinque
821 2718 1004 2767 parum
1039 2700 1319 2749 incurvae.
1379 2697 1519 2766 quod
1557 2715 1619 2746 eo
1663 2697 1819 2746 modo
1855 2696 2056 2761 repeti-

173 2784 289 2832 tur,
345 2785 402 2821 ut
438 2773 652 2839 podetia
695 2774 903 2837 integra
948 2771 1183 2818 iteratim
1219 2769 1387 2817 divisa
1424 2779 1476 2816 et
1519 2767 1781 2833 prolifera
1817 2767 2056 2832 speciem

175 2843 472 2909 praebeant
518 2842 823 2892 candelabri
863 2839 1077 2890 ramosi.
1152 2839 1349 2905 Scyphi
1390 2838 1594 2905 magni,
1658 2838 1915 2887 diametro
1967 2836 2060 2886 de-

172 2931 316 2963 mum
361 2914 500 2962 ultra
550 2912 872 2962 semunciam
926 2911 1243 2966 metientes,
1307 2908 1561 2974 expansi,
1629 2907 1870 2972 juniores
1922 2907 1955 2956 i.
2008 2924 2055 2956 e.
2113 2946 2116 2947 γ

177 2982 368 3032 summi
429 2985 678 3043 concavi,
759 2981 1048 3030 adultiores
1103 2979 1242 3045 plani
1310 2979 1469 3027 immo
1529 2977 1770 3044 margine
1831 2975 2055 3038 reflexi,

176 3070 360 3104 omnes
399 3054 634 3102 tenuiter
667 3051 1085 3108 membranacei,
1134 3047 1418 3115 superficie
1459 3049 1739 3114 superiore
1784 3058 1923 3106 tota,
1974 3047 2055 3094 in-

176 3124 384 3174 feriore
439 3124 730 3190 marginem
793 3139 976 3170 versus
1037 3120 1434 3178 tumescentes,
1505 3136 1534 3167 e
1588 3117 1790 3183 duplici
1836 3116 2056 3184 quidem

175 3194 370 3244 lamina
427 3194 518 3256 (ad
570 3210 809 3244 normam
861 3191 1103 3257 generis)
1147 3190 1504 3256 compositae,
1572 3188 1664 3237 sed
1717 3188 1773 3235 in
1827 3198 2054 3253 utraque

176 3263 425 3314 radiatim
473 3263 680 3323 striati,
735 3281 801 3311 ex
835 3262 918 3310 his
955 3261 1102 3309 striis
1142 3260 1368 3309 subinde
1403 3261 1457 3306 in
1493 3257 1675 3307 medio
1708 3255 1892 3320 scyphi
1927 3255 2055 3304 hinc

179 3334 304 3383 inde
336 3333 524 3382 solutis
560 3334 883 3382 cancellato·
906 3330 1137 3396 pertusi,
1179 3347 1246 3380 ex
1290 3328 1480 3378 iisdem
1520 3338 1825 3377 constanter
1860 3325 2052 3392 margi-

181 3421 304 3454 nem
351 3421 568 3462 versus‚
638 3404 808 3452 rarius
860 3401 984 3449 totis
1033 3416 1198 3468 usquc
1248 3399 1312 3448 ad
1359 3409 1599 3448 centrum
1652 3396 1840 3446 solutis
1887 3394 2053 3462 magis

180 3475 420 3528 minusve
455 3474 774 3540 regulariter
806 3471 994 3530 divisi,
1038 3471 1108 3519 ita
1140 3481 1194 3518 ut
1228 3468 1475 3520 radiatim
1511 3480 1563 3518 et
1603 3467 1764 3538 longe
1802 3464 2055 3517 fimbriati
