2163 3852
659 65 960 115 [nonnum-
1034 59 1300 114 GnArms.
1527 102 1535 109 .
1853 59 1923 113 69

181 216 503 343 Opegkaph}
532 227 583 265 et
622 213 946 281 Allograp-ha
986 207 1309 260 Chevcellier.
1350 205 1386 258 l.
1424 224 1472 258 c.
1505 225 1562 275 p.
1607 224 1684 256 n.
1727 213 1779 254 et
1807 204 1913 255 tab.

259 306 300 336 1.
325 339 335 350 ·
357 319 360 326 ¹
385 305 433 352 g.
509 323 521 335 ο
1059 302 1061 305 ’

202 375 256 432 Α
271 397 310 456 p
330 399 365 433 o
382 377 455 432 th
472 396 503 432 e
521 396 552 432 c
569 373 640 430 iu
654 395 714 430 m
751 371 1019 448 oblongo
1038 403 1060 415 -
1085 369 1315 426 lineare
1333 408 1350 437 ,
1411 364 1914 432 subramulosum,

40 453 320 513 rimatum
335 499 352 526 ,
437 455 778 537 perithecio
840 451 1225 510 carbonacco
1341 449 1683 507 roniinente
1719 444 1919 522 longi-

39 537 397 596 tudinaliter
430 539 681 605 rimam,
727 535 972 613 saepius
1007 533 1246 592 demum
1335 530 1544 588 ilatato
1589 528 1915 606 discigero.

201 622 253 676 T
271 621 310 676 h
329 620 535 677 allus
592 632 962 676 crustaceus.

179 718 420 768 Adnot.
478 715 907 783 Graphidem
948 725 1002 762 et
1040 709 1527 778 Opegrapham
1568 708 1753 769 Ach.,
1793 723 1924 776 quas

38 786 189 854 prius
222 787 589 846 distinximus,
630 787 733 836 hoc
763 785 922 834 modo
953 782 1258 847 conjunctas
1277 779 1618 841 exhibemus,
1657 795 1763 827 non
1782 775 1927 844 quod

41 857 317 907 distinctio
364 858 498 907 salso
542 858 869 905 inniteretur
905 852 1176 919 principio
1199 887 1211 911 ‚
1264 849 1359 898 scd
1393 850 1539 918 quod
1568 848 1702 896 haec
1729 864 1929 914 genera

41 927 381 995 frequentius
421 945 576 996 quarn
610 927 712 975 aiia
747 925 937 974 formis
975 921 1315 972 intermediis
1349 919 1745 986 conjunguntur
1777 914 1928 965 diffi-

14 997 309 1065 ciliusque
353 998 769 1064 dignoscuntur,
827 995 898 1044 ita
932 1005 990 1043 ut
1039 1009 1175 1060 quae
1223 991 1279 1039 in
1315 989 1650 1055 systematica
1693 985 1931 1053 disposi-

31 1064 192 1116 ‘tione
240 1086 266 1116 a
303 1078 486 1117 natura
528 1083 740 1131 semper
791 1064 1312 1132 quantulumcunque
1360 1059 1681 1118 recedente,
1739 1057 1931 1106 distin-

43 1138 134 1206 gui
163 1137 420 1198 debeant,
461 1138 514 1185 in
547 1137 697 1204 praxi
727 1135 886 1185 facile
912 1145 964 1183 et
995 1133 1177 1182 forsan
1207 1130 1397 1179 melius
1428 1130 1523 1178 sub
1547 1128 1706 1178 unico
1729 1140 1930 1194 genere

39 1217 99 1256 ut
138 1207 406 1257 sectiones
427 1208 671 1257 diversae
704 1206 1037 1271 colligantur.
1112 1202 1325 1253 Similes
1351 1214 1471 1250 sunt
1499 1201 1630 1249 istae
1662 1197 1932 1246 sectiones

42 1277 148 1326 illis
183 1278 397 1344 generis
440 1278 650 1345 analogi
693 1273 1153 1330 Vei-tueariae
1204 1271 1387 1330 Pers.‚
1437 1285 1615 1337 neque
1650 1267 1933 1333 hucusque

42 1359 379 1414 compertum
432 1348 716 1407 habemus,
771 1360 954 1395 omnes
1004 1339 1448 1409 Opegraphas
1486 1337 1703 1387 Acliarii
1756 1335 1935 1402 longi-

41 1417 357 1467 tudinaliter
412 1417 692 1466 dehiscere
759 1415 1072 1480 discumque
1127 1412 1182 1459 in
1233 1409 1598 1459 adolescentia
1648 1406 1932 1473 praehere,

40 1486 277 1554 plurium
325 1487 507 1554 potius
559 1486 866 1551 specierum
913 1482 1274 1550 peri-thecium
1322 1479 1410 1531 vel
1448 1478 1643 1527 sensim
1679 1476 1936 1525 fatiscere

39 1556 130 1609 vel
178 1558 364 1607 rimam
416 1556 706 1606 efformare
758 1553 970 1604 videtur
1022 1563 1126 1601 tam
1168 1563 1414 1608 tenuem,
1472 1560 1528 1596 ut
1575 1564 1682 1596 non
1730 1544 1935 1611 majore
1976 1568 1979 1574 ¹

15 1676 18 1685 ,
43 1626 190 1694 jure,
233 1646 339 1696 quo
372 1644 535 1694 porus
564 1623 917 1680 Verrucariae
947 1640 1046 1690 pro
1073 1619 1222 1671 disco
1243 1619 1431 1670 haberi
1467 1617 1652 1685 possit.
1727 1615 1846 1665 Alia
1877 1613 1936 1663 in

41 1696 147 1817 1300
197 1715 399 1764 genere
435 1696 716 1750 divisionis
746 1695 886 1746 ratio
930 1692 1263 1746 constantior
1312 1707 1469 1762 quam
1519 1686 1798 1758 proposita
1828 1701 1939 1737 non

84 1779 219 1818 atur..

544 1918 768 1964 SECTIO
800 1914 838 1958 Ι.
905 1910 1359 1958 EUGRAPHIS.

186 2019 332 2091 Syst.
374 2019 534 2071 Lich.
570 2040 626 2088 p.
674 2021 752 2071 13.
779 2013 890 2087 fig.
930 2016 980 2069 3.

195 2111 489 2179 Graphidis
524 2108 665 2160 Ach.
705 2120 760 2160 et
799 2105 904 2157 Fe'e
937 2104 1152 2174 speeies
1187 2104 1469 2171 plurimae.

194 2200 553 2268 Opegraphae
594 2209 937 2266 erumpentes
980 2192 1140 2243 Fries
1172 2190 1255 2242 Pl.
1296 2191 1529 2244 Homon.
1571 2208 1629 2257 ρ.
1668 2197 1752 2243 27.

194 2289 520 2357 Opegvapha
541 2287 814 2354 Graphina
837 2281 1057 2334 Chen-al.
1080 2293 1134 2333 et
1152 2282 1510 2349 Allogwphae
1528 2276 1694 2340 ejusd.
1714 2274 1943 2343 species.

218 2395 663 2477 Apotheciu
679 2416 740 2450 m
803 2395 1180 2461 immersum,
1264 2390 1626 2470 plerumque
1684 2384 1947 2442 ramulo-

59 2501 224 2550 sum,
270 2477 614 2559 perithecio
665 2476 824 2534 infra
871 2474 1222 2541 deficiente,
1285 2492 1469 2549 supra
1511 2469 1726 2550 rimato
1750 2508 1766 2536 9
1816 2486 1947 2522 sae-

7 2628 10 2633 ,
60 2564 186 2620 sius
257 2565 499 2620 demum
570 2559 778 2616 hiante
845 2558 1084 2616 discum
1143 2553 1612 2613 canaiiculatum
1683 2548 1948 2607 elevato-

60 2643 468 2723 margi'nante.
490 2639 554 2717 ἧς)

199 2742 437 2793 Adnot.
513 2738 901 2805 Complectitur
925 2736 1058 2786 haec
1079 2735 1250 2785 sectio
1286 2729 1686 2799 Graphides
1721 2726 1952 2786 Achai-ii,

59 2813 325 2880 exemptis
365 2810 650 2876 speciebus
702 2809 766 2858 ad
806 2825 1003 2876 genera
1041 2806 1441 2870 Diorygma,
1485 2802 1950 2868 Leiogramma

66 2896 122 2934 et
166 2882 504 2945 Ustalliam
550 2879 753 2931 relatis.
849 2881 996 2928 Inter
1043 2876 1376 2927 characteres
1426 2874 1646 2931 citatos,
1703 2871 1954 2918 nimirum

63 2954 469 3004 immersionem
519 2962 571 2999 et
610 2948 966 3017 perithecium
1013 2963 1160 2996 mere
1202 2946 1452 3001 laterale,
1505 2942 1733 2990 ulterior
1772 2949 1958 3003 utpote

0 3058 7 3067 κ
67 3023 399 3074 constantior
462 3023 516 3069 in
563 3020 845 3087 speciebus
886 3018 1061 3067 dubiis
1109 3015 1550 3083 praeponendus>
1608 3024 1659 3061 et
1688 3009 1958 3078 siquidem

69 3096 127 3144 in
172 3094 446 3160 juventute
495 3090 858 3157 perithecium
905 3088 1279 3152 subintegrum
1329 3086 1430 3144 sit,
1498 3083 1631 3131 haec
1677 3092 1755 3130 est
1801 3076 1963 3127 diffe-

48 3165 277 3223 mentia,
335 3161 480 3231 quod
517 3161 575 3209 in
616 3172 751 3209 statu
796 3159 972 3208 adulto
1013 3157 1097 3208 vix
1131 3174 1241 3205 non
1286 3156 1425 3204 infra
1474 3168 1738 3220 supraque
1789 3163 1961 3215 aequo

75 3234 236 3285 modo
275 3233 532 3282 dilatetur
572 3230 888 3298 tandemque
927 3228 982 3277 in
1019 3228 1173 3277 binas
1209 3238 1386 3294 partes
1425 3224 1668 3273 laterales
1706 3219 1964 3278 dehiscat,

118 3473 122 3476 ·
162 3461 208 3515 ¹⁵)
234 3457 458 3558 Iaitendat
485 3460 686 3524 Lector,
734 3458 1004 3505 sectionum
1033 3457 1337 3503 characteres
1377 3451 1427 3497 in
1458 3449 1712 3510 speciebus
1742 3442 1966 3490 definien-

282 3530 320 3560 ιε
350 3530 450 3559 nou
478 3524 653 3576 repeti.
1410 3539 1415 3544 ·
