2163 3852
1493 61 1501 80 δ

205 150 314 224 132
500 130 502 134 ’
736 145 1041 193 mezmzs.
1080 142 1562 197 Asmu‘rnnmtm..

203 297 453 359 effusum,
481 295 641 364 paulo
659 308 974 357 convexum,
997 292 1212 360 saepius
1231 293 1321 343 vix
1344 312 1505 362 supra
1525 293 1746 363 thallum
1763 259 2093 362 prominens,

197 372 349 428 varie
385 370 700 425 formatum,
739 364 908 432 magis
938 364 1180 414 minusve
1216 364 1520 433 elongatum
1545 402 1558 425 ‚
1599 362 1895 414 flexuosum
1922 363 2098 430 saepi·
2140 367 2147 387 ²

196 460 262 496 us
286 441 540 508 utrinque
569 435 822 485 lineolam
844 435 1049 501 nigram
1088 433 1201 495 (vix
1226 451 1326 500 pro
1356 436 1598 502 mar'gine
1623 434 1766 483 inter
1792 435 1945 501 plura
1973 451 2097 501 spe-

192 514 392 567 cimina
425 505 747 570 habendam)
789 521 1020 572 sequens
1051 502 1214 565 (icon.
1248 500 1465 572 elhjlg.
1511 509 1563 555 V.
1609 523 1649 552 1.
1678 506 1768 563 2.)‚
1810 492 2010 554 coloris
2044 515 2099 553 et

197 581 524 637 substantiae
564 576 781 626 omnino
815 574 1054 640 ejusdem
1089 573 1239 638 cujus
1276 585 1500 623 stratum
1527 573 1820 622 medullam
1845 574 1928 635 (id
1949 568 2099 640 quod

197 651 517 708 sententiam
545 660 781 697 nostram
807 645 872 695 dc
914 645 1126 711 origine
1168 645 1438 693 stromatis
1476 645 1754 711 praeclare
1804 642 2098 705 illus‘t1·at);

198 741 389 778 verum
419 733 596 771 tamen
630 729 827 767 stroma
862 731 982 765 cum
1027 725 1189 763 strato
1216 715 1497 764 medullari
1541 732 1646 764 non
1710 713 1931 763 omnino
1974 729 2104 762 con-

198 798 438 852 tinuum,
479 791 574 840 sed
601 789 744 837 inter
765 799 987 852 utraque
1023 784 1281 833 sectioniS
1323 796 1484 853 atque
1520 785 1682 834 lentis
1720 801 1823 849 ope
1875 793 2100 832 stratum

201 865 522 918 observatur
561 858 735 909 viride
762 874 882 907 cum
915 865 1082 905 strato
1111 854 1356 904 corticali
1398 857 1711 904 continuum
1744 850 1906 922 eique
1928 864 2102 902 struc-

201 950 323 988 tura
363 945 418 984 ct
448 930 740 981 substantia
781 926 1108 976 conveniens
1130 962 1142 984 ‚
1200 925 1368 992 triplo
1406 943 1534 977 vero
1565 924 1779 974 tenuius
1809 923 2098 981 stromatis,

209 1007 362 1058 basin
389 1003 631 1068 undique
659 997 933 1063 recipiens
978 994 1156 1059 (icon.
1193 993 1282 1042 cit.
1314 991 1430 1064 sig.
1492 999 1549 1049 V,
1602 1003 1652 1055 4.
1699 995 1787 1058 (J.)
1834 993 2101 1060 simulque

203 1077 415 1143 saepius
449 1071 653 1138 singula
683 1066 964 1133 apothecia
993 1066 1329 1114 circumdans
1364 1064 1528 1128 (icon.
1562 1063 1783 1131 cit.jt'g.
1825 1068 1877 1115 V.
1909 1063 1960 1115 3.
2003 1062 2100 1126 4.).

197 1144 503 1216 Apothecia
543 1138 786 1189 stromati
820 1135 1088 1203 profunde
1123 1137 1374 1184 immersa
1420 1136 1505 1186 vel
1543 1134 1869 1200 pyriformia
1911 1133 2000 1185 vel
2044 1132 2103 1181 in

196 1217 452 1271 ostiolum
481 1211 729 1262 conicum
756 1206 1007 1256 abeuntia
1031 1205 1116 1253 vel
1149 1202 1374 1271 globosa
1402 1204 1600 1254 ostiolo
1645 1204 1967 1269 cylindrum,
2018 1219 2104 1251 ra-

202 1289 316 1340 rius
345 1282 617 1339 solitaria,
656 1278 907 1329 nonnulla
941 1286 999 1324 ut
1032 1274 1246 1324 videtur
1278 1285 1511 1334 astoma‚
1550 1275 1779 1341 plurima
1817 1273 1968 1325 vario
2004 1290 2103 1320 nu-

206 1373 362 1410 mero
387 1362 672 1422 aggregata
711 1349 795 1399 vel
832 1342 1064 1396 ostiolis¹
1087 1345 1172 1395 vel
1212 1344 1528 1412 peritheciis
1565 1344 1698 1410 ipsis
1745 1343 1800 1392 in
1868 1343 2107 1394 canalem

204 1443 474 1482 ramosum
507 1418 901 1472 confluentibus
942 1415 1098 1478 (icon.
1130 1410 1356 1482 Ct‘l-fi'g·
1425 1419 1475 1465 V.
1531 1416 1611 1478 li).
1677 1413 1889 1464 Ostiola
1933 1412 2104 1479 magis

203 1501 450 1552 minusve
481 1495 756 1558 elongata,
795 1487 970 1537 rarius
994 1497 1205 1544 crecta,
1248 1486 1566 1553 plerumque
1616 1484 1834 1552 obliqua
1882 1482 1972 1534 vel
2018 1483 2104 1532 in-

205 1588 395 1628 curva,
438 1563 651 1630 saepius
685 1561 739 1609 in
767 1577 826 1609 os
855 1574 1136 1607 commune
1163 1557 1247 1604 vel
1281 1556 1420 1604 infra
1451 1552 1794 1621 superficiem
1839 1571 2002 1602 unum
2045 1552 2103 1601 in

205 1643 432 1694 alterum
466 1631 800 1690 desinentia,
852 1645 947 1678 ore
986 1626 1347 1675 minutissimo
1396 1627 1454 1673 in
1498 1623 1784 1691 superficie
1835 1621 2105 1674 stromatis

205 1713 298 1765 vix
326 1709 390 1758 ad
417 1706 626 1757 oculum
659 1701 857 1750 nudum
889 1697 1199 1762 conspicuo.
1275 1697 1509 1756 Thecae,
1562 1713 1692 1762 quas
1719 1694 1888 1744 rarius
1920 1693 2108 1744 videre

208 1779 473 1845 contigit,
513 1772 919 1827 minutissimae,
959 1767 1303 1832 cylindnficae,
1343 1766 1707 1824 biannulatae‚
1762 1775 1946 1813 exacte
1985 1779 2104 1812 mo-

207 1850 514 1902 niliformcs
535 1843 685 1912 quasi
705 1857 734 1890 e
760 1839 937 1906 sporis
952 1837 1125 1886 tribus
1145 1837 1510 1893 concatenatis
1530 1835 1691 1898 (icon.
1707 1829 1915 1902 cit.fig.
1942 1831 2003 1885 V.
2021 1831 2103 1897 5.)

357 1939 557 1995 Crescit
583 1940 655 1990 ad
685 1936 944 1988 arborum
967 1933 1218 1984 corticem
1242 1949 1415 2001 prope
1442 1929 1611 1981 Ρανιὶ.

473 2124 521 2166 2»
556 2124 1162 2166 ASTROTHELIUM
1204 2121 1760 2167 ISABELLLNUM.
1821 2104 1854 2160 †

361 2261 425 2312 A.
459 2269 635 2307 crusta
653 2255 931 2304 subcerata
959 2249 1241 2299 isabellina
1264 2246 1689 2306 fusco-limitata,
1721 2255 1976 2296 stromate
2006 2240 2113 2292 ‹lif-

213 2332 379 2386 formi
410 2328 750 2379 tuberculoso
785 2323 1097 2389 dehiscente
1129 2321 1268 2389 intus
1293 2319 1556 2369 coccineo
1593 2329 1745 2367 extus
1771 2315 1950 2365 albido
1982 2313 2105 2363 sub-

215 2401 626 2473 pulverulento‚
682 2393 987 2462 apotheciis
1019 2389 1432 2471 ⁸pyriformibus
1488 2387 1832 2455 aggregatis,
1895 2383 2109 2448 ostiolis

279 2477 287 2486 ,
327 2474 336 2483 ι

215 2473 421 2528 conlcis
453 2471 510 2519 in
544 2486 605 2518 os
639 2470 920 2516 ccmmune
960 2461 1380 2510 minutissimum
1414 2458 1809 2510 desinentibus·

361 2571 510 2618 Icon.
541 2562 634 2614 sel.
675 2569 927 2630 cryptog.
967 2560 1078 2608 tab.
1126 2574 1204 2610 10.
1223 2551 1339 2624 fig.
1385 2574 1430 2605 1.

355 2663 575 2715 Thallus
615 2671 923 2714 crustaceus
969 2654 1230 2706 latissime
1289 2663 1541 2702 extensus
1599 2649 1719 2699 fere
1762 2645 2110 2710 dodrantalis,

219 2748 429 2789 crassus
457 2751 486 2783 e
521 2731 722 2782 cortice
758 2727 977 2796 quidem
1008 2725 1094 2775 vel
1121 2725 1247 2773 hinc
1276 2721 1402 2772 inde
1431 2740 1459 2772 e
1506 2718 1851 2771 stromatibus
1885 2719 2115 2785 juniori·

217 2809 318 2859 bus
342 2823 441 2873 per
472 2802 686 2853 thallum
716 2799 953 2848 nondum
972 2795 1239 2863 proti-usis
1269 2794 1469 2843 leniter
1494 2791 1894 2850 tuberculosus,
1921 2805 2112 2856 super-

218 2877 346 2929 ficie
379 2891 507 2928 vero
540 2872 764 2920 maxime
794 2868 1056 2935 laevigata
1085 2882 1187 2914 nec
1207 2864 1376 2913 nitida
1408 2863 1588 2929 potius
1617 2860 1933 2911 tenuissime
1956 2859 2110 2927 prui-

218 2965 386 3006 nosa,
428 2943 625 2994 coloris
660 2937 1047 3005 elegantissimi
1094 2952 1158 2984 ex
1182 2936 1507 2985 ochroleuco
1553 2931 1921 2992 rubescentis,
1974 2947 2114 2979 mar-

222 3019 348 3086 gine
380 3016 483 3065 late
511 3013 756 3063 umbrato
781 3009 1335 3060 fusco-cinerascente
1368 3005 1606 3064 cinctus3
1647 3020 1675 3051 e
1709 3013 1874 3053 strato
1905 2997 2111 3066 duplici

219 3087 503 3139 manifeste
562 3082 918 3147 compositus,
971 3077 1236 3128 inferiore
1278 3075 1423 3125 tenui
1467 3073 1679 3134 albido,
1731 3071 2015 3139 superiore
2047 3071 2114 3119 ad

226 3159 525 3210 sectionem
570 3165 785 3203 tenuem
818 3151 915 3200 sub
941 3151 1087 3199 lente
1115 3147 1232 3196 fere
1258 3146 1470 3212 hyalino
1501 3143 1817 3193 tenuissime
1835 3141 2118 3200 celluloso,

225 3228 532 3280 humectato
560 3226 883 3281 virescente,
910 3221 1055 3270 nullo
1081 3236 1207 3269 vero
1254 3228 1420 3267 strato
1448 3215 1703 3264 disti-neto
1734 3211 1896 3264 viridi
1944 3211 2115 3259 inter-

231 3298 415 3364 posito
455 3295 618 3357 (icon.
671 3294 757 3342 cil.
793 3291 911 3359 fig.
960 3310 1001 3339 1.
1050 3288 1100 3340 3.
1149 3288 1198 3338 h.
1248 3321 1317 3330 -
1379 3286 1478 3334 csr.
1529 3303 1686 3349 supra
1725 3283 1839 3334 obs.
1872 3299 1924 3346 p.
1975 3281 2111 3339 55.).

231 3371 443 3419 Stroma
482 3363 749 3430 singulare
788 3365 916 3412 satis
952 3377 1227 3427 magnum,
1268 3355 1517 3408 diametri
1555 3355 1710 3403 unius
1764 3353 1851 3403 vel
1889 3351 2114 3400 duarum

224 3439 522 3495 linearum,
564 3451 661 3499 per
689 3444 912 3481 stratum
940 3431 1187 3496 superius
1214 3427 1472 3480 corticale
1503 3425 1837 3493 perforatum
1874 3422 1962 3473 vel
2004 3421 2115 3469 dis·-

231 3511 430 3562 cissum
455 3521 808 3575 prorumpens
829 3540 843 3567 ,
895 3497 1647 3557 subcouico-tuberculosum
1696 3491 1924 3549 subinde
1963 3491 2113 3546 elon·
