2163 3852
659 107 959 157 hemma-S.
998 107 1403 172 Tauroi-mma.
1894 106 1994 160 173

258 257 584 326 Endocarpi‚
633 253 922 305 Walzlenb.
948 249 1027 319 fl.
1064 271 1204 304 suec.
1241 251 1319 304 II.
1350 270 1406 320 p.
1440 224 1560 319 8722.
1600 251 1829 318 species.

260 358 703 419 Anthrocarpum‚
743 348 952 418 Meyer
980 347 1018 401 l.
1056 365 1100 397 e.
1133 366 1189 415 p.
1227 347 1345 403 326.

255 452 543 510 Ascidium‚
588 445 708 497 Fe'e.
736 445 775 498 l.
801 465 846 497 c,
882 465 938 513 p.
993 440 1174 494 VLII.
1209 443 1316 493 tab.
1353 464 1396 496 ι.
1419 437 1530 511 fig.
1563 438 1701 499 22.Ρὶ

279 545 799 629 Apothccium
841 544 1043 624 junius
1077 541 1846 609 subconico-truncatum,
1893 539 1998 596 dc-

132 655 295 690 mum
338 627 742 695 (liscoidenm,
811 647 947 682 cum
988 623 1327 704 perithccio
1388 623 1767 680 carbonacco
1823 642 2010 678 annu-

131 715 248 771 lari
305 713 652 769 immersum
707 707 986 786 excipulo
1050 704 1268 762 conico
1289 740 1310 750 -
1332 704 1814 785 hemispliacrico
1873 723 2012 783 pcr-

126 809 265 854 tuso
308 791 533 875 juniori
568 789 788 851 velato.

281 905 332 958 Τ
346 902 387 957 h
405 899 473 957 al
490 899 563 955 lu
577 919 603 955 s
650 911 1018 955 crustaccus⁶

264 1007 513 1058 Adnot.
554 1006 735 1055 Genus
786 1021 977 1052 nexum
1021 1017 1137 1050 cum
1170 999 1362 1051 formis
1413 996 1762 1049 inferioribus
1804 1007 2006 1047 ortum-z

124 1095 228 1148 que
273 1076 506 1142 excipuli
551 1090 579 1122 e
622 1073 774 1122 thalli
830 1088 1054 1124 verruca
1093 1081 1216 1137 post
1261 1070 1397 1119 disci
1455 1070 1819 1121 evolutionem
1846 1084 2007 1134 supra

128 1158 310 1215 aperta
348 1158 401 1196 et
425 1144 794 1193 circumscissa
835 1143 1111 1209 praeclare
1158 1141 1421 1203 illustrat3
1481 1137 2008 1206 excipulum'exinde

130 1218 350 1287 generis
410 1215 712 1264 auctoribus
745 1227 968 1262 verruca
1004 1211 1322 1277 appellatum
1346 1211 1519 1259 ‘forma
1570 1209 1921 1263 determinata
1956 1222 2024 1261 etr

130 1298 379 1355 apertura
428 1284 640 1350 juniore
692 1284 861 1334 velata
917 1282 1243 1331 distinctum.
1316 1280 1510 1334 Velum
1533 1278 1899 1328 membranula
1929 1291 2014 1330 te-

128 1358 268 1415 nuis,
307 1369 365 1405 ut
390 1354 618 1412 videtur,
657 1370 686 1401 e
720 1353 1012 1403 substantia
1040 1351 1291 1410 thallode‚
1333 1350 1614 1416 analogum
1665 1349 1856 1399 exinde
1892 1350 2014 1401 velo

131 1427 538 1493 Peltigerae
621 1435 674 1472 et
756 1420 1380 1488 Leiogrammatis,
1469 1419 1825 1486 similiterque
1895 1436 2012 1469 cum

138 1508 419 1565 aperturae
488 1493 729 1559 margine
795 1503 1099 1541 constanter
1156 1490 1357 1565 alburg,
1429 1489 1521 1538 sed
1582 1506 1645 1537 ex
1713 1505 1777 1538 co
1827 1489 2016 1538 distin-

137 1580 293 1625 ctum,
336 1563 477 1632 quod
517 1564 744 1611 solutum
778 1562 1041 1626 integrum
1069 1558 1209 1607 cadit
1235 1577 1334 1608 nec
1373 1575 1490 1607 cum
1516 1559 1767 1624 excipulo
1798 1559 2015 1610 dilatato

126 1639 471 1686 dilaceratum
510 1631 798 1681 evanescit.
871 1631 1221 1695 Apothecium
1241 1629 1487 1695 excipulo
1515 1630 1776 1677 inclusum
1795 1631 2012 1680 omnino

127 1707 265 1757 disci
304 1714 569 1753 structura
607 1701 818 1768 gaudet,
858 1711 1076 1749 stratum
1104 1699 1356 1747 nimirum
1397 1699 1589 1748 sistens
1631 1696 2016 1768 floccoso-ge-

123 1778 408 1826 latinosum
459 1772 790 1839 proligerum
843 1788 871 1820 e
922 1769 1108 1819 floccis
1150 1768 1499 1819 verticalibus
1531 1769 1820 1835 parallelis,
1872 1787 2018 1820 com..

124 1848 360 1896 muniter
388 1843 644 1910 singulari
681 1842 841 1891 modo
876 1840 1057 1907 junius
1097 1858 1206 1890 non
1238 1839 1555 1905 globosum>
1615 1852 1670 1887 ut
1735 1839 1791 1886 in
1844 1841 2017 1905 pluri..

126 1918 231 1966 mis
267 1918 353 1964 Pa
369 1914 613 1962 rmelia
633 1912 811 1972 ceis‚
854 1911 945 1959 sed
966 1911 1211 1959 conicum
1242 1909 1396 1975 apice
1428 1920 1744 1958 truncatum.
1822 1911 1944 1973 (Th
1961 1928 2016 1960 e-

129 1990 433 2037 lotrema
471 1983 940 2048 marginatum
975 1992 1218 2029 nostrum
1257 1990 1537 2045 exceptum
1585 1980 1840 2044 videtur).
1914 1984 2019 2031 Pe-

125 2055 414 2106 rithecium
439 2055 751 2119 plerumque
790 2051 1038 2100 annulare
1078 2051 1192 2098 basi
1216 2047 1470 2098 deficiens
1491 2087 1502 2108 ‚
1547 2050 1718 2098 rarius
1751 2050 1865 2099 basi
1888 2069 2017 2100 con-

127 2129 335 2176 tinuum
366 2125 450 2175 vel
482 2123 708 2172 subinde
736 2122 819 2184 (ut
847 2117 1060 2171 videtur
1083 2121 1214 2171 vitio
1245 2120 1495 2188 quodam)
1536 2131 1704 2168 totum
1737 2119 2018 2184 deficiens,

128 2197 380 2246 nucleum
419 2194 629 2259 saepius
674 2209 927 2258 superans
952 2209 1234 2259 numquam
1258 2208 1417 2255 supra
1453 2190 1685 2255 excipuli
1717 2202 2045 2256 aperturam'

128 2267 476 2334 prominen53
515 2263 692 2329 junius
725 2263 788 2311 ad
846 2262 1071 2310 formam
1115 2260 1387 2325 apothecii
1426 2261 1671 2308 conicum
1699 2279 1906 2309 sursum
1934 2281 2024 2311 an-

123 2337 346 2404 gustius,
386 2335 593 2383 demum
628 2348 747 2381 cum
773 2332 960 2380 eodem
985 2332 1182 2380 ibidem
1202 2329 1472 2379 dilatatum
1497 2329 1658 2398 latius
1677 2329 1734 2378 fit
1759 2349 1911 2397 quam
1928 2332 2022 2381 de-

134 2425 325 2456 orsum.
365 2402 720 2453 Inconstantia
742 2402 843 2450 ista
862 2401 1151 2466 perithecii
1173 2418 1235 2448 ex
1252 2400 1654 2465 apotheciorum
1671 2400 2020 2451 immersione

126 2478 408 2526 matricem
453 2473 692 2540 pendere
733 2472 974 2533 videtum
1041 2471 1095 2519 in
1149 2469 1393 2536 pluribus
1431 2470 1683 2517 nimirum
1733 2470 2019 2535 speciebus
2056 2464 2069 2471 N

128 2548 376 2596 nucleum
414 2562 520 2593 non
564 2554 765 2591 tantum
801 2542 997 2591 cortici
1033 2542 1361 2598 immersum,
1405 2540 1496 2588 sed
1525 2540 1663 2587 hunc
1686 2541 1749 2588 ad
1780 2540 2020 2605 ejusdem

124 2619 293 2666 latera
323 2624 690 2681 assurgentem
732 2629 851 2661 cum
877 2611 1181 2678 perithecio
1211 2610 1539 2660 carbonaceo
1569 2610 1756 2658 intime
1778 2609 2016 2674 junctum

128 2687 471 2737 observamus
515 2684 605 2749 (do
632 2683 729 2731 l'iac
756 2683 1045 2747 perithecii
1078 2699 1197 2730 cum
1223 2681 1445 2729 matrice
1485 2679 1809 2728 confluentia
1831 2682 2022 2730 confer
2085 2679 2087 2693 ³

132 2775 289 2822 supra
328 2753 849 2804 Asu-othelium
888 2752 1348 2811 isabellinum,
1390 2768 1440 2816 p.
1489 2749 1642 2812 1(›1.).
1719 2751 2019 2822 Distinctio

128 2827 359 2892 partium
406 2841 467 2871 cx
502 2823 599 2871 hac
649 2824 857 2872 ratione
912 2823 1039 2870 satis
1087 2820 1369 2880 difficilis,
1425 2832 1480 2868 ut
1530 2819 1908 2869 Acharium
1959 2822 2016 2869 in

126 2895 516 2962 Monographia
554 2894 713 2941 citata
741 2905 843 2941 tam
872 2893 1136 2941 diversam
1180 2892 1478 2957 specierum
1519 2890 1833 2939 describere
1876 2903 2016 2940 stru-

136 2978 338 3014 cturam
376 2965 460 3012 vix
495 2964 728 3023 mireris,
770 2962 859 3030 qui
887 2975 1166 3028 praeterea
1196 2960 1610 3009 membranulam
1657 2971 1894 3009 nostram
1929 2961 2018 3026 hy-

133 3036 402 3084 meninam
451 3052 548 3099 pro
582 3032 889 3099 perithecio
929 3032 1154 3099 quodam
1200 3032 1411 3079 interno
1456 3031 1642 3079 habuit
1689 3030 1813 3090 (cfr.
1855 3050 2013 3097 snpra

127 3105 305 3154 adnot.
332 3105 394 3153 ad
433 3107 678 3152 Pertus
698 3103 936 3160 ariam,
977 3121 1027 3168 p.
1058 3104 1208 3161 ιαμ),
1251 3101 1611 3168 plurimasque
1645 3099 1849 3165 plantas
1884 3102 2016 3149 alie-

127 3193 220 3224 nas
261 3174 446 3242 generi
487 3172 788 3236 subjunxit3
836 3172 1040 3220 viderat
1086 3183 1261 3220 tamen
1307 3171 1659 3235 perilliccinm
1706 3171 1914 3237 nigrum
1965 3182 2018 3218 et

130 3245 489 3294 characterem
527 3243 673 3290 dedit
704 3242 916 3309 generis
945 3242 1224 3291 meliorem
1254 3242 1546 3290 novissimo
1580 3240 1679 3288 cel.
1729 3244 1871 3304 'Mey
1893 3243 2008 3289 eri.

135 3317 418 3364 Caeterum
455 3330 518 3361 ex
565 3312 662 3362 ista
683 3312 1091 3377 apotheeiorum
1123 3311 1467 3359 immersione
1500 3329 1604 3360 non
1645 3327 1858 3374 semper
1896 3327 2014 3358 cum

134 3395 351 3433 auctore
415 3383 574 3432 citato
620 3393 671 3430 et
721 3381 1157 3432 WVallrothio
1208 3381 1503 3429 eorundem
1545 3391 1714 3430 ortum
1755 3378 2020 3427 subcorti·v

134 3454 301 3504 caleni
366 3469 665 3520 supponere
732 3463 918 3519 potes,
1003 3451 1281 3518 apothecia
1350 3451 1493 3502 enim
1547 3448 1824 3517 rupicolae
1855 3447 2020 3513 hujus·
