2163 3852
834 201 1145 253 Llcunnns.
1206 218 1209 220 ’
1850 215 1917 268 51

43 350 408 421 eruendum,
476 368 556 408 an
602 369 820 430 sporae
862 350 1185 410 annulatae
1220 369 1553 435 appareant
1595 378 1632 416 a
1663 359 1914 418 minori-

39 434 154 494 bus
190 432 461 502 inclusiS,
507 452 586 489 an
623 433 813 512 septis
848 433 1255 510 stricturisve3
1313 437 1625 497 solvuntur
1661 440 1915 501 subinde

41 515 120 574 ad
158 516 475 574 stricturas
539 513 879 594 seriemque
934 533 1250 595 sporarum
1292 520 1587 577 nudarum
1626 521 1913 593 referunt,

39 597 190 656 alias
240 597 316 656 de
372 594 591 653 iisdem
635 594 888 655 inclusis
948 618 1075 654 non
1131 596 1407 656 dubitare
1454 600 1631 678 licet,
1702 625 1915 662 occur-

41 694 184 737 runt
209 692 524 760 praeterea
556 676 620 733 in
652 677 865 735 eadem
899 678 1103 757 specie
1135 681 1449 750 rotundae,
1499 700 1725 755 ovatae,
1773 688 1916 743 sim-

41 761 235 841 plices
286 774 347 817 et
398 757 719 817 annulatae
750 755 850 835 *)3
920 760 984 815 in
1031 759 1308 840 plurimis
1362 764 1606 822 tandem
1660 769 1917 845 angio-

41 863 123 922 sp
144 841 306 900 oris
366 841 694 919 Meyeri,
763 841 1060 920 imprimis
1104 843 1438 900 Lichenum
1481 846 1914 906 frondosorum

37 922 495 982 accuratissima
527 921 918 1000 indagatione
947 923 1144 982 nullas
1182 923 1329 983 licet
1357 926 1636 1006 detegere
1670 929 1875 989 thecas
1892 953 1913 1007 3

36 1005 147 1064 sed
186 1024 410 1086 sporae
446 1002 638 1082 magis
677 1004 950 1064 minusve
993 1005 1351 1077 annulatae,
1399 1008 1582 1068 immo
1624 1010 1915 1088 globosae

36 1085 269 1168 duplici
302 1085 661 1167 plerumque
698 1086 853 1143 serie
887 1086 1245 1158 collocatae,
1307 1110 1342 1145 a
1377 1091 1573 1169 prima
1606 1094 1915 1172 juventute

30 1169 232 1227 nudae
281 1181 474 1226 strato
515 1167 826 1247 proligero
864 1168 1183 1226 immersae
1230 1188 1560 1250 apparent,
1630 1195 1778 1253 quas
1821 1197 1917 1232 ra-

30 1251 157 1309 rius
201 1248 480 1330 apicibus
527 1264 822 1308 connatas
867 1250 1025 1320 vidi,
1097 1258 1177 1308 ut'
1209 1253 1394 1310 modo
1437 1255 1624 1313 citato
1663 1277 1732 1312 ex
1772 1257 1916 1314 arti-

31 1332 187 1392 culis
242 1332 557 1390 thecarum
624 1330 838 1389 solutis
897 1332 1188 1390 oriundas
1247 1335 1576 1414 suspiceris
1595 1358 1614 1410 5
1716 1358 1915 1418 neque

31 1414 225 1484 enim,
305 1428 373 1470 ut
449 1411 730 1469 nonnulli
803 1412 1042 1491 opinari
1121 1415 1491 1495 nomineque
1589 1432 1917 1477 stratum

30 1496 432 1553 thecarum
465 1492 1070 1569 (Schlauchschicht)
1109 1495 1382 1553 indicare
1429 1499 1740 1570 videntur,
1795 1501 1915 1560 hoc

31 1587 291 1636 stratum
335 1594 505 1633 more
550 1575 875 1653 fungorum
936 1597 969 1632 e
1018 1575 1208 1635 thecis
1258 1579 1496 1659 stipatis
1555 1581 1633 1639 ob
1687 1603 1916 1662 paucos

13 1658 279 1717 <floccos
320 1656 697 1715 intermixtos
754 1656 936 1714 facile
984 1657 1293 1718 solvendis
1346 1663 1754 1741 compositum
1804 1680 1912 1735 est,

26 1739 136 1798 sed
200 1739 414 1798 thecae
476 1758 767 1819 sporaeve
828 1759 1068 1819 semper
1141 1763 1313 1800 rarae
1377 1743 1588 1802 floccis
1640 1747 1913 1826 copiosis

27 1822 254 1881 arctius
316 1820 668 1889 inhaerent,
768 1836 1145 1902 quapropter
1208 1824 1273 1882 in
1331 1825 1613 1904 diagnosi
1679 1829 1918 1886 ordinis

26 1923 351 1984 sparsas
384 1901 526 1961 dixi.
614 1902 881 1963 Nucleus
910 1904 1156 1962 tandem
1188 1906 1395 1985 junior
1421 1908 1483 1965 in
1528 1908 1912 1989 Sphaero-

25 1984 298 2067 phoris
347 1999 408 2043 et
436 1983 788 2064 Calyciis
838 1984 921 2058 (si
952 1985 1446 2068 Coniocybes
1489 1992 1726 2070 species
1756 2014 1913 2050 non-

28 2065 225 2126 nullas
266 2065 534 2146 excipias
583 2066 800 2145 procul
850 2065 1038 2125 dubio
1086 2069 1165 2127 ad
1211 2067 1708 2151 Gastromycetes
1755 2074 1911 2132 refe-

26 2149 277 2218 rendas)
308 2149 559 2207 omnino
587 2148 767 2219 idem,
804 2149 908 2228 qui
934 2148 1193 2208 aliorum
1208 2152 1562 2225 Lichenum,
1608 2155 1912 2214 floccoso-

25 2230 400 2309 gelatinosus
444 2249 661 2310 sporas
703 2231 955 2288 seriatas
989 2232 1239 2309 fovens5
1309 2235 1729 2296 disseminatio
1764 2253 1909 2297 vero

23 2312 89 2370 in
146 2311 425 2391 utrisque
481 2310 804 2388 generibus
858 2309 968 2387 (ut
1029 2328 1267 2371 taceam
1327 2318 1783 2377 Conioloma
1850 2335 1911 2378 et

21 2413 211 2472 genus
239 2392 606 2471 ‚ambiguum
647 2391 1209 2473 Coniocarpon
1255 2396 1349 2456 his
1396 2400 1728 2475 associata)
1779 2423 1908 2459 om-

20 2475 170 2533 nino
221 2475 489 2544 diversa,
565 2494 704 2531 cum
751 2474 1002 2533 nucleus
1052 2478 1094 2534 S
1111 2477 1652 2560 phaerophori
1705 2482 1906 2561 singu-

19 2553 137 2614 lari
165 2556 354 2615 modo
395 2556 746 2634 nigrescens
788 2571 952 2615 totus
996 2558 1059 2616 in
1096 2558 1407 2638 pulverem
1443 2562 1706 2633 fatiscat,
1755 2578 1906 2622 stra·

19 2651 150 2695 tum
177 2660 322 2699 vero
356 2637 728 2718 proligerum
757 2637 821 2695 in
859 2638 1169 2719 Calycii
1192 2662 1218 2698 s
1263 2662 1480 2723 sporas
1519 2644 1906 2705 solummodo

14 2721 236 2800 majori
285 2721 609 2800 protrudat
655 2720 835 2799 copia
874 2735 934 2777 et
997 2723 1322 2782 saturatius
1369 2725 1675 2785 coloratas
1723 2749 1905 2807 quam

13 2801 81 2858 in
119 2801 254 2859 aliis
298 2800 699 2871 LichenibuS,
746 2802 967 2880 quibus
1003 2804 1122 2862 hoc
1167 2805 1417 2883 quidem
1452 2809 1681 2879 rarius,
1728 2831 1904 2890 prae-

12 2882 191 2964 cipue
229 2883 721 2963 Opegraphis
762 2883 1018 2955 obtinet,
1063 2900 1130 2943 ut
1163 2901 1323 2944 statu
1361 2905 1599 2949 maturo
1646 2892 1896 2970 digitum

10 2964 369 3045 impositum
402 2965 583 3024 facile
626 2965 965 3044 inquinent.
1067 2968 1234 3049 Quae
1269 2990 1413 3029 vero
1454 2973 1637 3052 copia
1686 2995 1896 3054 spora-

13 3068 173 3116 rum,
245 3047 440 3105 forma
493 3062 553 3104 et
596 3061 899 3104 structura
940 3048 1331 3128 hypothecii,
1403 3053 1676 3113 defectus
1724 3055 1893 3113 thalli

9 3128 76 3185 in
113 3127 280 3199 aliis,
328 3127 565 3185 in'aliis
605 3128 946 3189 substantia
975 3130 1396 3211 pulverulenta
1434 3135 1528 3195 vel
1558 3136 1896 3195 dermatina

8 3229 123 3268 nec
162 3210 648 3289 hygrometrica,
697 3211 1057 3271 simultanea
1096 3215 1560 3293 apotheciorum
1599 3218 1893 3297 thallique

12 3306 178 3359 aetas
190 3332 208 3361 ,
254 3292 425 3352 locus
457 3290 599 3349 dein
633 3292 854 3349 natalis
897 3293 1168 3352 solennis
1213 3296 1277 3354 in
1316 3296 1482 3374 ligno
1514 3300 1680 3357 nudo
1719 3300 1894 3357 semi-

6 3371 257 3452 putrido
313 3372 422 3430 has
473 3372 734 3444 formas,
816 3375 869 3432 si
921 3376 1245 3436 nonnullas
1306 3399 1340 3435 a
1393 3380 1769 3438 Lecideis
1799 3382 1893 3438 vix

8 3454 416 3534 sejungendas
474 3454 774 3535 excipias,
873 3456 1226 3538 similesque
1310 3474 1651 3519 structurae
1706 3474 1889 3519 notae

5 3535 587 3615 Baeomycetem
616 3537 767 3595 Ach.
797 3536 941 3595 lich.
970 3540 1131 3600 univ.
1164 3560 1201 3600 a
1229 3542 1583 3614 Lecidea,
1630 3539 1889 3622 quacum.

57 3667 103 3723 ⁴¹¹)
134 3668 349 3728 systema
372 3652 627 3717 lichenum.
667 3671 743 3730 fig.
771 3677 838 3720 13.
869 3672 919 3719 b.
