2163 3852
692 152 996 202 Licnnuns.
1052 147 1358 200 Fannium.
1859 145 1967 198 223

92 303 311 356 omnino
362 313 709 354 evanescente
759 301 1049 369 pleraeque
1091 310 1273 348 exacte
1320 291 1660 352 terminales,
1723 301 1782 341 ut
1824 307 1961 358 apex

89 375 316 424 laciniae
352 391 532 439 parum
569 371 651 421 {rel
686 370 812 420 alias
851 372 937 420 vix
970 369 1195 437 plicatus
1238 369 1293 415 in
1332 363 1630 432 excipulum
1669 361 1880 427 planum
1914 379 1960 411 s.

89 444 401 511 peltiforme
442 442 658 490 minime
693 439 983 505 stipilatnm
1025 437 1228 487 dilatari
1269 435 1539 494 videatur,
1593 432 1792 499 absque
1834 448 1961 496 pro-

93 514 342 564 ductione
370 511 520 561 thalli
545 509 681 559 ultra
722 510 1058 576 apothecium
1110 509 1190 567 (ut
1223 506 1273 553 in
1314 504 1556 554 Usneis
1595 503 1732 551 solet
1780 501 1962 563 esse);

92 583 266 633 rarius
313 594 364 632 et
400 581 687 648 praecipue
725 581 779 627 in
818 579 1028 629 laciniis
1068 575 1351 641 descriptis
1390 572 1667 641 proliseris
1707 569 1960 620 scutellae

93 653 276 721 plures
320 652 375 700 in
412 650 595 700 eedem
642 649 834 698 lacinia
880 646 1225 715 marginales,
1291 661 1490 712 eaeque
1541 641 1963 691 subreniformes

94 722 177 772 vel
217 722 378 771 etiam
426 721 480 768 in
524 719 692 768 latere
742 719 889 768 thalli
927 734 1096 784 prope
1147 713 1437 779 marginem
1476 712 1678 762 obviae.
1750 710 1857 761 Ubi
1907 710 1965 759 in

91 791 305 842 laciniis
341 789 664 840 normalibus
693 790 845 854 apice
874 787 1169 837 fructiferis
1206 785 1305 832 alia
1344 782 1559 832 scutella
1585 781 1723 830 infra
1755 781 1967 847 apicem

91 861 399 928 marginalis
429 860 752 915 observatur,
789 858 939 907 locus
975 854 1285 906 insertionis
1324 870 1422 919 pro
1454 851 1610 900 initio
1645 849 1851 900 futurae
1884 849 1965 898 di-

90 930 317 982 visionis
353 929 653 986 habendus‚
699 928 825 976 hinc
867 927 1085 977 scutella
1122 926 1279 975 citata
1311 941 1418 972 non
1457 922 1630 969 minus
1667 920 1966 969 terminalis

88 1000 317 1053 videtur.
390 1002 575 1065 Margo
615 996 848 1063 excipuli
901 998 964 1046 ad
1003 996 1211 1046 oculum
1248 994 1443 1042 nudum
1480 990 1687 1050 nullus,
1742 990 1805 1038 ad
1849 991 1967 1039 len-

88 1081 200 1120 tem
237 1068 580 1118 tenuissimus
629 1068 1026 1134 integerrimus.
1098 1067 1295 1115 Discus
1334 1061 1632 1119 aurantius,
1700 1059 1755 1108 in
1793 1061 1964 1125 prima

87 1139 364 1208 juventute
393 1136 658 1203 profunde
688 1154 968 1196 concavus,
1001 1136 1094 1185 sed
1124 1153 1241 1183 mox
1268 1144 1548 1200 antequam
1577 1129 1762 1196 capitis
1790 1131 1967 1180 acicu-

87 1209 170 1259 lae
207 1208 617 1276 magnitudinem
655 1205 886 1274 superat,
923 1207 1125 1273 planus,
1167 1204 1428 1252 diametro
1467 1201 1676 1249 demum
1716 1200 1969 1252 bilineari

87 1279 418 1343 (simillimus
456 1277 752 1327 Pal-meliae
791 1276 1286 1343 chrysophthalmae
1321 1291 1428 1324 var.
1469 1269 1808 1332 denudatae).

230 1389 432 1441 Crescit
497 1390 639 1440 inter
697 1389 1154 1459 Jangermannias
1206 1388 1260 1438 in
1315 1383 1557 1436 Brasilia
1608 1382 1967 1436 meridionali.

87 1458 332 1529 (Sellow.
369 1458 533 1511 Herb.
571 1459 710 1529 Reg.
748 1459 967 1527 Bet-ol.)

308 1684 380 1727 51.
438 1682 825 1725 PARMELIA
908 1679 1634 1720 GHRYSOPHTHALMA.
1701 1656 1736 1710 †

217 1825 286 1879 P.
323 1827 484 1878 thallo
512 1828 812 1894 caespitoso
846 1836 1032 1876 erecto
1067 1823 1228 1875 tereti
1261 1822 1346 1873 vel
1384 1823 1962 1890 compresso-planius-

83 1899 203 1949 culo
239 1898 729 1966 lineari-elongato
780 1896 1086 1946 dichotome
1137 1911 1345 1943 ramoso
1383 1889 1863 1945 fulvo-ssavieante
1908 1907 1965 1946 et

83 1967 702 2033 albido-glaueeseente,
741 1968 952 2034 saepius
988 1963 1499 2021 fibrilloso—ciliato,
1541 1963 1775 2013 scutellis
1813 1983 1962 2033 spar-

84 2040 191 2103 sis,
243 2038 391 2088 disco
429 2038 700 2099 aurantio,
739 2038 980 2104 margine
1017 2035 1164 2084 tenui
1203 2033 1414 2101 saepius
1460 2032 1658 2082 ciliato.

220 2149 397 2198 Usnea
435 2145 921 2214 chrysophthalma,
980 2141 1182 2194 Wallr.
1221 2141 1259 2192 l.
1297 2159 1341 2191 c.
1374 2160 1433 2210 ρ.
1470 2141 1608 2192 338!

221 2243 429 2294 Liehen
487 2242 1006 2310 schrysophthalmus
1048 2252 1103 2292 et
1163 2238 1439 2309 capensis,
1499 2235 1668 2289 Lina.
1711 2238 1766 2292 S.
1802 2235 1873 2289 N.
1910 2245 1965 2290 et

295 2311 482 2381 Suppl.
513 2312 592 2380 pl.
639 2332 695 2380 ρ.
733 2315 853 2374 451.

223 2409 428 2460 Lichen
466 2408 822 2468 aurantiacus,
869 2405 1100 2456 Latozzr.
1143 2403 1325 2456 Chlor.
1364 2402 1547 2474 Lngcl.
1592 2424 1666 2471 ¹7·

219 2509 395 2557 Usnea
447 2505 724 2573 capensis,
789 2499 993 2573 Hoflin.
1046 2500 1135 2552 Fl.
1188 2500 1311 2551 [ich.
1361 2499 1408 2551 J.
1477 2521 1533 2568 p.
1582 2503 1668 2564 48.
1723 2500 1830 2550 tab.
1883 2520 1960 2554 10.

276 2571 386 2641 fig.
432 2592 471 2626 1.
547 2575 798 2626 Platisma
847 2574 1165 2624 denudatum
1204 2585 1256 2623 et
1293 2584 1578 2632 armatum,
1629 2572 1796 2634 ejusd.
1837 2570 1873 2621 l.
1913 2591 1960 2624 e.

294 2644 374 2695 II.
425 2665 483 2714 p.
516 2650 598 2700 23.
652 2645 762 2695 lah.
802 2644 887 2695 31.
930 2640 1040 2712 fig.
1087 2664 1129 2693 1.
1169 2652 1221 2692 et
1249 2662 1306 2711 ρ.
1344 2643 1428 2704 43.
1484 2642 1592 2692 tab.
1632 2642 1715 2693 36.
1758 2637 1866 2711 fig.
1904 2652 1959 2706 4.

215 2745 448 2809 Borrera
505 2741 996 2809 chrysophthalma,
1082 2741 1254 2806 puber
1394 2739 1668 2807 capensis,
1737 2740 1960 2802 villosa,

294 2813 565 2890 ephebea,
623 2814 887 2863 solenaria
942 2823 996 2861 et
1050 2812 1213 2860 Corni
1306 2811 1413 2859 aria
1464 2827 1684 2871 crocea,
1748 2809 1959 2862 Achar-

292 2878 619 2953 chlzenogr.
642 2882 803 2961 pniv.
853 2900 907 2949 p.
945 2883 1048 2933 502
1088 2880 1193 2944 bis,
1246 2880 1352 2931 Ἰ03.
1389 2883 1484 2931 501
1528 2880 1621 2940 bis,
1660 2882 1764 2931 505
1797 2879 1873 2929 bis
1908 2890 1962 2930 et

291 2952 411 3003 615.
448 2981 517 2989 —
573 2951 769 3018 Esusd.
807 2949 943 3021 Syn.
992 2969 1049 3019 p.
1089 2964 1207 3013 224.
1247 2953 1364 3002 225.
1405 2960 1521 3013 224.
1562 2950 1662 3001 223
1701 2953 1795 3001 bis.
1838 2954 1958 3004 225.

250 3028 253 3033 ’
295 3038 394 3072 220
431 3030 481 3071 et
518 3022 638 3073 301.

224 3118 497 3168 Bamalina
533 3118 739 3187 rigida,
777 3118 920 3168 Aclz.
961 3120 1094 3186 Syn.
1129 3136 1188 3186 p.
1229 3126 1346 3185 204.
1387 3116 1638 3183 (Physcia
1673 3127 1957 3181 attenuata,

301 3185 448 3239 PerS.
487 3187 541 3237 in
577 3190 704 3239 Act.
755 3188 979 3239 Wetter.
1017 3187 1093 3238 II.
1136 3207 1194 3256 p.
1239 3192 1298 3239 18
1370 3187 1478 3237 tab.
1524 3204 1600 3238 10.
1644 3181 1756 3255 fig.
1792 3184 1898 3254 73²)

223 3286 820 3407 Borrgra5aurantiaca,
859 3283 930 3337 R.
970 3282 1208 3351 Brown,
1247 3282 1435 3353 Szzppl.
1473 3283 1526 3335 in
1564 3282 1767 3352 Part-y,
1814 3283 1954 3349 Vos.

287 3372 343 3421 p.
419 3374 448 3405 o
491 3393 504 3406 .

223 3452 487 3587 Papmffiiga
526 3450 869 3553 Sigheriana,
906 3447 1085 3504 Laur.
1125 3449 1181 3501 in
1218 3448 1468 3517 Linnda,
1507 3449 1585 3503 II.
1635 3469 1688 3517 p.
1723 3449 1804 3502 38.
1841 3446 1953 3498 lab.
2029 3485 2039 3504 x

331 3557 343 3572 ο
482 3558 495 3573 ο
540 3542 559 3571 1
584 3561 597 3571 .
