2163 3852
124 241 194 296 14
763 238 979 275 Anem-
1053 224 1374 275 Geminum.

124 389 247 458 gida
283 380 674 438 subtorulosiS,
714 375 937 427 ramulis
973 375 1178 427 ultimis
1217 375 1538 445 sorcipatis‚
1594 374 1899 446 sporangiis
1933 395 2018 429 ra·-

123 459 286 511 mulis
326 451 621 504 linearibus
661 447 1027 499 involucratis.

266 544 379 612 Ag.
422 539 568 608 szct.
618 536 731 588 133.
786 533 930 588 Dill.
970 544 1004 585 t.
1033 531 1164 603 7.s.
1199 545 1283 597 40.
1338 531 1570 604 Lyngb.
1610 542 1649 585 t.
1681 534 1769 603 37.
1815 531 2015 586 Dillw.

338 609 508 662 Exiit.
551 603 714 675 Cons.
756 615 793 656 t.
833 606 916 657 38.
975 603 1147 674 Engl.
1188 604 1316 654 Bet.
1367 615 1515 670 1742.

268 703 445 766 Stirps
477 697 742 767 pulchella
776 695 1069 763 conspicua
1102 695 1288 744 colore
1318 712 1510 756 roseo,
1574 695 1638 746 ad
1671 694 1916 765 genicula
1947 695 2022 744 ita

128 773 455 831 intensiore,
512 781 568 817 ut
598 779 712 819 tota
744 783 810 817 ex
839 765 1055 832 hyalino
1098 777 1151 815 et
1198 782 1357 815 roseo
1400 765 1709 816 alternatim
1747 766 2020 833 variegata

127 854 399 911 appareat,
441 838 588 890 basi
619 836 858 906 affigitur
888 835 1102 891 callosa,
1131 835 1425 898 disc-oidea,
1447 837 1683 902 parvula,
1712 836 1768 885 in
1797 836 2023 886 duorum

130 916 193 965 ad
241 926 469 982 quatuor
499 907 585 961 vel
619 926 711 959 sex
744 907 1002 975 pollicum
1039 906 1376 956 altitudinem
1417 920 1599 958 evecta
1640 918 1801 976 atque
1845 906 2021 956 multi..

130 986 333 1052 plicato
353 996 620 1041 -ramosa,
658 978 859 1028 ramis
893 994 1098 1025 sursum
1127 977 1464 1028 tenuioribus
1499 989 1553 1027 et
1575 978 1777 1027 ultimis
1803 977 2024 1026 ramulis

128 1055 432 1121 forcipatis.
529 1048 917 1117 Sporangia
959 1060 1109 1097 ovata
1149 1049 1486 1115 gongylos
1522 1048 1850 1117 pyriformes
1883 1049 2023 1097 intra

129 1143 342 1175 mucum
387 1142 429 1174 s.
465 1136 771 1190 grumosam
807 1118 1087 1168 materiem
1121 1119 1470 1170 continentia.
1559 1119 1866 1170 Substantia
1901 1118 2024 1170 sub-

130 1198 434 1266 gelatinoso
454 1221 473 1230 ·
490 1189 839 1257 cartilaginea
879 1199 978 1237 est.

275 1265 522 1318 Varietas
562 1261 820 1328 frequens
858 1269 969 1308 est:

273 1337 331 1386 C.
372 1331 815 1399 (liaphanum‚
857 1328 1195 1387 ciliatum‚
1235 1325 1523 1394 (adultum)
1563 1328 1829 1399 geniculis
1862 1327 2028 1381 verti.

133 1406 313 1459 cillato
334 1403 601 1464 -ciliatis,
642 1400 784 1451 ciliis
820 1399 965 1450 senis
996 1409 1085 1449 aut
1113 1399 1345 1449 octonis.

269 1497 330 1547 C.
372 1492 643 1553 ciliatum,
692 1486 920 1558 Lyngb.
977 1496 1017 1540 t.
1057 1487 1141 1546 37.
1206 1484 1405 1542 Dillw.
1452 1485 1623 1539 Britt.
1667 1482 1827 1556 Cons.
1865 1497 1905 1540 t.
1941 1486 2030 1542 53.

353 1560 521 1613 Roth.
562 1558 743 1611 Catal.
779 1557 912 1613 Bot.
940 1556 1021 1608 II.
1061 1567 1096 1607 t.
1116 1561 1165 1608 5.
1189 1553 1246 1625 f
1285 1575 1330 1608 2.

282 1651 350 1703 In
392 1650 610 1703 Oceano
646 1647 948 1701 Brasiliam
985 1645 1284 1697 australem
1321 1646 1581 1699 alluente.

625 1766 668 1807 2
736 1767 1143 1807 GERAMIUM
1196 1765 1522 1805 RUBRUM.

274 1861 334 1911 C.
394 1856 680 1910 frondibus
735 1854 1063 1907 dichotomis
1118 1854 1504 1905 ramosissimis
1563 1851 2033 1922 subcartilagineis

139 1929 676 1999 purpiueo-rcseis,
718 1926 989 1997 geniculis
1028 1925 1352 1984 contractis,
1415 1926 1659 1975 articulis
1699 1925 1865 1975 ovatis
1906 1941 2036 1990 opa—

137 2003 246 2062 cis,
318 2000 540 2050 rafflulis
579 1999 780 2048 ultimis
820 1997 1077 2057 floreatis,
1134 1995 1440 2064 sporangiis
1476 1996 1696 2047 ramulis
1734 1994 2034 2045 linearibus

138 2071 507 2124 involucratis.

277 2160 391 2228 Ag.
432 2156 578 2226 Sysl.
626 2157 740 2207 135.
797 2153 994 2204 Dillio.
1036 2152 1206 2204 Britt.
1246 2149 1406 2222 Confi
1445 2162 1485 2204 t.
1526 2154 1613 2215 34.
1664 2151 1838 2204 Flora
1875 2151 2031 2205 Dan.

351 2238 391 2280 t.
437 2232 582 2290 1482.
640 2224 815 2295 Engl.
854 2223 985 2275 Bot.
1025 2234 1060 2274 t.
1111 2225 1257 2276 1166.

280 2320 405 2370 Var.
461 2320 521 2370 C.
559 2318 870 2377 rubrum,
923 2316 1296 2384 virgatam,
1338 2314 1663 2383 elongatum,
1701 2331 1835 2383 vage
1868 2330 2043 2364 ramo-

145 2408 286 2450 sum,
328 2405 429 2438 nec
465 2388 853 2438 dichotomum.
912 2386 1025 2454 Ag.
2054 2398 2057 2399 ⁷

279 2460 502 2527 Species
560 2456 908 2524 praecedenti
951 2455 1143 2506 similis
1163 2493 1175 2512 ,
1252 2466 1331 2505 ast
1380 2454 1688 2516 robustior,
1760 2454 2042 2506 obscurius

144 2548 440 2598 purpurea,
482 2529 724 2579 articulis
756 2546 865 2578 non
895 2525 1210 2593 pellucidis,
1251 2525 1345 2574 sed
1371 2526 1554 2592 opacis
1585 2537 1689 2576 etc.
1727 2526 1958 2578 diversa.

288 2616 484 2668 Iisdem
524 2616 658 2665 locis
696 2634 817 2665 cum
849 2614 1236 2682 praecedente:
1299 2612 1366 2664 cl.
1415 2611 1659 2664 Tilesius.

548 2754 587 2794 ἃ
660 2754 1059 2790 CERAMIUM
1116 2752 1635 2790 CLAVULATUM.

287 2844 346 2894 C.
384 2841 487 2891 filis
521 2841 844 2891 dichotomis
876 2839 1257 2890 ramosissimis
1290 2839 1630 2907 capillaceis,
1684 2837 1905 2888 ramulis
1938 2836 2045 2888 cla·

150 2911 372 2974 vulatis,
415 2912 656 2961 articulis
691 2912 953 2961 diametro
990 2911 1157 2976 triplo
1193 2910 1552 2979 longioribus.
1590 2908 1702 2978 Ag.
1742 2905 1886 2977 Syst.
1929 2907 2044 2959 136.

291 3001 387 3051 ..fid
424 3018 550 3050 oras
586 2998 897 3049 Brasiliae:
957 2998 1024 3051 cl.
1063 2998 1320 3070 Agardlz.

561 3128 603 3176 4.
669 3133 1059 3171 CERAMIUM
1114 3130 1610 3171 VERSICOLOR.

287 3220 346 3270 C.
385 3217 491 3269 filis
526 3220 780 3281 ramosis,
836 3221 999 3271 ramis
1046 3220 1193 3287 vagis
1243 3218 1496 3287 virgatis,
1552 3216 1772 3267 ramulis
1823 3213 2043 3266 alternis

146 3287 378 3408 [Estiagis
411 3291 771 3407 tenuissimis,
829 3291 1071 3341 articulis
1113 3291 1379 3340 diametro
1425 3288 1644 3356 octuplo
1680 3285 2055 3356 longioribus„

207 3378 261 3429 g.
335 3377 446 3427 ys.
506 3369 618 3422 140.

291 3448 567 3501 Conferva
598 3466 784 3510 rosea,
822 3446 996 3518 Engl.
1034 3446 1162 3498 Bot.
1204 3457 1245 3499 t.
1289 3445 1410 3516 966.

287 3539 567 3607 Caespites
606 3557 768 3588 unum
802 3539 869 3589 ad
898 3549 1009 3588 tres
1040 3538 1269 3604 pollices
1302 3537 1426 3598 alti,
1465 3535 1676 3595 teneri,
1718 3532 2051 3603 gelatinoso-

154 3607 373 3670 molles,
428 3609 651 3677 pulchre
682 3610 833 3660 rosei
863 3619 950 3659 aut
975 3608 1188 3658 tandem
1217 3607 1580 3660 versicolores
1613 3618 1664 3656 et
1695 3603 2047 3655 flavescentes

151 3689 243 3728 aut
274 3681 511 3732 testacei.
604 3683 915 3732 Truncus
949 3679 1237 3746 primarius
1273 3691 1439 3730 setam
1481 3677 1764 3746 porcinam
1801 3671 2048 3725 crassitie
