2163 3852
199 244 268 299 52
991 238 1295 287 Licus-vm.

199 392 573 451 recentiores
615 390 1014 469 conjunxere,
1061 404 1195 449 toto
1239 388 1418 447 coelo
1463 388 1799 458 diversum,
1844 392 2090 450 tandem

205 472 785 551 Coenogonium
835 472 1163 530 Ehreffnb
1182 513 1199 542 ,
1260 471 1430 551 cujus
1474 469 1664 528 altera
1706 473 1943 551 species
2001 490 2097 532 est

205 554 775 634 Gyrolophium
827 556 1118 624 Runze,
1189 552 1546 612 omnimodo
1603 553 1860 632 fungis
1918 570 2090 614 3550-

204 639 369 696 ciare
412 637 642 716 jubent.

364 720 449 774 Ex
484 719 578 776 his
627 717 965 776 luculenter
1014 731 1215 798 patet,
1293 714 1524 773 nullam
1578 737 1694 773 nec
1745 675 1923 774 thalli
1974 738 2131 788 nec,

205 801 515 881 apothecii
565 798 969 858 differentiam
1013 799 1357 877 generalem
1405 798 1470 855 in
1498 798 1870 857 Lichenibus
1908 800 2096 858 statui

202 903 389 964 posse
428 898 488 940 et
521 877 874 940 methodum
904 882 1237 940 secundum
1263 881 1440 937 unius
1477 880 1671 959 partis
1714 896 1894 938 notas
1907 922 1925 951 ,
1973 885 2097 940 Bo-

193 965 426 1023 .tanicis
463 964 657 1022 11111115
682 963 863 1043 longe
893 978 1240 1043 acceptam,
1288 963 1351 1018 in
1376 962 1491 1018 hac
1529 983 1721 1040 aeque
1752 983 1824 1021 ac
1861 964 1924 1019 in
1949 964 2090 1022 aliis

207 1047 502 1104 historiae
528 1046 818 1102 naturalis
843 1046 1120 1125 partibus
1158 1065 1322 1104 mere
1355 1044 1731 1102 artificialem
1764 1066 1916 1103 csse.
1963 1047 2098 1127 Qua

207 1130 282 1187 de
333 1148 516 1185 031153
564 1127 629 1183 111
676 1141 1010 1204 systemate
1047 1142 1227 1185 antea
1269 1128 1594 1207 proposito
1642 1126 1872 1186 clavem
1915 1139 2096 1206 gene-

204 1233 340 1268 rum
377 1208 740 1288 adjecimus,
800 1209 876 1266 ad
912 1209 1187 1267 diversos
1214 1208 1388 1265 thalli
1425 1209 1857 1289 apotheciique
1893 1208 2097 1266 affini-

205 1307 362 1350 tates
405 1291 750 1370 gradusque
785 1291 1153 1348 evolutionis
1197 1290 1708 1349 demonstrandos
1721 1332 1738 1360 ,
1785 1292 2095 1372 seriesque

208 1375 274 1433 in
312 1375 427 1431 ista
468 1372 677 1430 tabula
709 1373 1031 1432 verticales
1080 1373 1174 1432 vel
1209 1386 1587 1431 transversas
1624 1372 1720 1431 vel
1762 1373 1949 1431 etiam
1978 1373 2097 1432 cir-

206 1455 444 1515 culares
500 1469 566 1512 ut
616 1453 810 1512 tribus
862 1455 1171 1513 naturales
1233 1455 1679 1534 circumspecte
1730 1455 2094 1551 seligendas,

210 1560 391 1618 quem
431 1537 509 1594 ad
549 1536 796 1594 modum
837 1558 1084 1617 quoque
1113 1537 1176 1593 in
1214 1536 1443 1616 plantis
1482 1535 1954 1616 perfectioribus
1998 1544 2100 1595 or-

210 1621 387 1677 dines
426 1619 673 1677 seriales
703 1634 764 1676 et
793 1620 1094 1677 centrales
1126 1619 1526 1697 distinguunt.
1615 1618 1744 1675 Nil
1755 1619 1991 1686 obstat,
2031 1634 2100 1676 ut

205 1702 338 1761 bini
400 1702 495 1759 vel
552 1700 758 1780 plures
813 1701 1179 1760 evolutionis
1239 1701 1491 1794 gradus,
1565 1722 1704 1758 cum
1757 1716 1975 1760 natura
2037 1699 2102 1757 in

207 1784 344 1842 aliis
383 1805 497 1863 pro
529 1782 725 1840 lubitu
754 1783 944 1861 magis
985 1784 1050 1840 in
1089 1782 1225 1839 31115
1255 1782 1454 1839 minus
1486 1797 1776 1840 constans
1804 1783 2101 1851 videatur,

181 1859 261 1927 ⁸v.
312 1887 364 1923 c.
419 1864 624 1945 quoad
678 1865 1069 1944 apothecium
1113 1865 1448 1944 Graphis
1494 1864 1669 1923 Ach.
1728 1885 1867 1921 cum
1912 1865 2103 1944 Ope-

206 1970 323 2028 g1c
305 1948 496 2027 apha
529 1946 750 2028 ejusd,
796 1947 1183 2025 Pyrenula
1218 1946 1395 2003 Ach.
1443 1967 1581 2003 cum
1620 1946 2104 2008 Verrucaria

209 2031 436 2110 ejusd.,
486 2051 637 2108 quas
674 2028 754 2086 ob
787 2029 1248 2087 distinctionem
1277 2028 1459 2085 nimis
1491 2027 1745 2089 difficile
1774 2027 2105 2085 eruendam

209 2127 270 2170 et
314 2133 390 2169 ne
429 2113 612 2168 nimis
658 2110 984 2169 dissentire
1023 2111 1350 2179 videamur,
1402 2110 1734 2168 defendere
1775 2100 2102 2179 1101111111115,

213 2194 417 2275 quoad
484 2193 740 2251 thallum
798 2197 1197 2251 Lecanora
1270 2192 1442 2250 Ach.
1518 2213 1656 2250 cum
1724 2191 2107 2250 Parmelia

213 2274 452 2356 ejusd.
500 2290 561 2333 et
607 2275 695 2334 sic
738 2297 925 2355 porro
972 2275 1453 2355 conjungantur3
1521 2289 1815 2354 utraeque
1862 2295 2003 2333 vero
2042 2287 2110 2330 ut

214 2378 504 2438 generum
541 2358 848 2415 sectiones
888 2357 1196 2415 naturales
1238 2357 1589 2421 servandae.
1693 2357 1923 2414 Eadem
1966 2355 2109 2413 dein

218 2440 458 2498 ratione
515 2439 579 2496 in
623 2439 946 2518 generibus
991 2439 1439 2517 distinguendis
1474 2439 1648 2496 thalli
1689 2454 1994 2497 structura
2032 2436 2105 2493 li-

218 2537 316 2581 cet
366 2522 431 2579 in
482 2521 795 2580 nonnullis
848 2522 1090 2579 diversa
1144 2522 1249 2589 sit,
1339 2521 1402 2578 in
1459 2521 1594 2578 aliis
1637 2537 1843 2579 tamen
1892 2533 2106 2599 utpote

217 2603 717 2663 constantissima
752 2604 1000 2683 paucis,
1062 2624 1216 2681 quae
1247 2617 1415 2671 511111,
1476 2603 1633 2659 velis
1662 2603 1894 2660 fructus
1936 2598 2109 2660 diffe-

222 2686 467 2753 rentiiS,
516 2684 937 2764 subjungenda
974 2699 1096 2758 0515
1143 2704 1342 2762 neque
1378 2685 1756 2742 recentiores
1790 2685 1899 2741 has
1932 2696 2111 2741 notas

219 2768 283 2825 in
322 2765 690 2824 Lichenibus
740 2767 996 2845 aliisque
1051 2787 1158 2844 cr)
1162 2765 1528 2845 ptogamicis
1578 2766 1742 2823 facto
1796 2787 1988 2845 aeque
2037 2785 2110 2820 ac

219 2848 421 2910 verbis
453 2848 688 2925 repudi
692 2869 809 2904 irc:
872 2863 939 2905 ut
968 2848 1290 2905 Acharii
1331 2862 1568 2905 taceam
1601 2848 1899 2906 terminos
1935 2845 2109 2904 falla-

221 2950 358 3000 005,
424 2929 655 2986 1111113111
689 2931 1004 3010 perspicio
1049 2930 1381 2998 rationem,
1463 2953 1571 2989 cur
1609 2927 2113 2989 Stereocauli

221 3012 428 3093 potius
485 3033 666 3091 quam
716 3012 1014 3069 Usneae
1070 3012 1322 3069 thallum
1372 3010 1798 3071 fruticulosum
1850 3032 1962 3091 pro
1995 3028 2113 3104 pe-

222 3094 489 3152 dunculo
529 3093 784 3150 habeam
820 3095 915 3154 vel
944 3094 1376 3152 Cladoniae
1415 3097 1505 3153 sic
1539 3096 1769 3152 dictum
1798 3091 2113 3187 podetium

224 3176 468 3256 saepius
521 3175 807 3233 deficiens
868 3200 902 3234 a
949 3177 1145 3235 simile
1205 3177 1378 3234 thalli
1424 3176 1834 3259 productione
1892 3175 1958 3231 in
2014 3188 2115 3232 va*-

223 3257 333 3314 riis
413 3258 1000 3329 ParmeliaceiS,
1110 3259 1174 3315 in
1256 3263 1769 3338 Baeomyccte
1855 3255 2116 3334 aliisque

228 3339 628 3417 distinguam,
705 3361 810 3397 cur
851 3363 964 3420 pro
1009 3341 1200 3399 thallo
1245 3341 1583 3420 gelatinoso
1630 3340 1830 3397 dicam
1873 3337 2116 3418 excipu-

228 3420 354 3478 lum
403 3419 852 3515 gelatinosum,
925 3443 1081 3502 quae
1139 3424 1343 3481 omnia
1396 3425 1595 3480 minus
1642 3422 1838 3489 clara,
1914 3419 2114 3475 minus

231 3503 419 3561 tironi
460 3502 699 3573 facilia,
730 3544 736 3548 ·
774 3505 972 3562 minus
1010 3504 1153 3562 dein
1193 3520 1472 3578 naturae,
1542 3525 1726 3585 quam
1765 3498 2117 3581 systematis

234 3583 611 3664 praejudicio
656 3585 995 3665 adaequata
1034 3587 1331 3646 videntur.
2065 3607 2068 3610 ·

397 3669 465 3725 111
521 3667 842 3747 speciebus
906 3683 1121 3728 contra
1191 3669 1634 3747 distinguendis
1683 3666 1875 3746 magis
1939 3682 2119 3743 quam
