2163 3852
224 119 328 174 138
804 122 1116 175 Licnmms.
1152 123 1524 177 Vannucmu.

219 286 352 322 vero
393 269 852 331 Verrucaria‚
896 271 1036 339 quod
1080 283 1358 338 praeterea
1404 274 1751 340 paucissimas
1790 274 2094 342 specierum

220 338 557 389 differentias
584 351 638 388 et
665 339 962 390 divisiones
992 343 1228 401 exhibet,
1269 346 1558 393 earundem·
1595 344 1838 394 ordinem
1862 346 2088 397 arbitrio

224 409 343 459 fere
403 409 683 476 relinquit,
760 411 971 476 species
1023 411 1281 478 singulari
1348 414 1678 463 dehiscentia
1763 432 1930 483 eaque
1983 415 2092 465 fre·

223 479 568 548 quentissima
596 477 887 537 distinctas,
927 481 980 528 in
1014 493 1146 530 statu
1182 482 1361 531 adulto
1391 482 1610 531 formam
1642 485 1830 550 generi
1862 485 2089 534 alienum

221 548 404 615 spurie
437 546 752 613 discigeram
783 549 1158 617 adipiscentes.
1200 551 1460 618 simulque
1494 555 1669 621 quoad·
1694 554 2087 604 immersionem

216 629 274 668 et
300 615 585 684 perithecii
609 618 797 667 baseos
831 621 1194 686 integritatem
1223 621 1503 670 admodum
1538 623 1925 688 polymorphas,
1962 623 2090 672 hinc

216 688 307 738 vix
339 687 479 734 inter
507 687 719 751 priores
754 691 1020 739 sectiones
1055 691 1443 756 dispertiendas
1492 692 1544 740 in
1589 693 1860 758 propriam
1894 693 2092 742 sectio-

214 774 338 806 nem
367 756 581 804 nomine
610 759 825 826 antiquo
849 763 884 809 A
906 776 934 808 c
953 759 984 807 h
1003 759 1131 808 arii
1164 760 1538 825 designandam
1575 762 1833 827 colligere
1877 762 2091 811 consul-

213 827 321 876 tius
358 825 614 874 duximus.
688 829 911 893 Species
941 830 1091 895 apice
1124 829 1453 879 solummodo
1490 843 1731 897 pertusas
1782 830 2090 881 dilatata-sve

215 912 317 946 nec
346 914 374 945 a
414 895 714 962 perithecio
780 900 998 947 residuo
1055 900 1373 967 margin-atas
1417 901 1757 951 exclusimus.
1836 901 2090 951 Limitem

220 966 462 1016 strictum
510 982 615 1014 non
641 966 826 1016 adesse
864 969 1225 1019 concedimus.

355 1034 435 1084 Ad
497 1051 692 1100 genera
759 1054 858 1102 pro
917 1039 1220 1103 synonymis
1274 1055 1432 1105 supra
1473 1039 1632 1089 citata
1681 1038 2093 1098 observandum,

216 1104 495 1154 nonnullas
532 1104 821 1154 eorundem
864 1107 1073 1172 species
1112 1127 1139 1156 a
1177 1109 1335 1158 nobis
1371 1108 1433 1156 ad
1471 1109 1659 1175 fungos
1698 1108 1923 1167 referri,
1963 1126 2011 1169 v,
2045 1126 2088 1158 c.
2155 1106 2160 1112 ”

217 1173 715 1228 'verrucariam
756 1176 1147 1241 byssaceam
1185 1175 1351 1235 Ach„
1390 1196 1523 1245 quae
1549 1178 1885 1228 Lecideae
1922 1177 2093 1243 dryi-

217 1261 342 1295 nae
398 1243 620 1293 varietas
672 1245 792 1294 Flo
814 1245 979 1296 rlzeo
1031 1258 1088 1296 oe‘c
1141 1247 1406 1298 VVallro
1426 1247 1495 1295 th
1514 1248 1528 1295 i
1548 1251 1653 1309 0¹¹³)
1708 1248 1971 1315 simulque
2010 1248 2092 1296 ul-

218 1313 413 1365 teriori
440 1328 441 1336 *
465 1312 557 1361 'rh
576 1330 711 1362 rom
732 1315 762 1363 b
782 1315 909 1363 ium
959 1334 1042 1381 pu
1062 1335 1094 1365 n
1115 1316 1404 1367 ctiform
1427 1335 1455 1365 e
1486 1321 1569 1379 ἐμὲ)
1591 1353 1607 1376 ,
1653 1333 1786 1384 quae
1826 1318 1955 1366 dein
1990 1335 2090 1366 una

219 1401 340 1435 cum
397 1383 495 1432 ista
549 1383 857 1434 Lecidea
915 1389 1203 1450 Meyero
1253 1398 1334 1436 est
1405 1386 1754 1451 Calycium
1828 1387 2095 1436 aborti-

221 1472 400 1512 vum,
444 1463 660 1501 econtra
698 1455 1150 1519 Pyrenothea
1187 1455 1512 1517 Friesio‚
1579 1457 1671 1524 qui
1722 1456 2091 1506 Lecideam

222 1525 432 1574 citatam
499 1521 562 1571 ad
625 1525 663 1573 C
679 1541 762 1573 o.n
778 1525 795 1572 i
813 1543 883 1574 an
901 1526 1009 1591 giu
1026 1544 1073 1573 m
1141 1527 1248 1576 vul
1267 1544 1299 1592 g
1317 1545 1340 1574 a
1359 1545 1385 1574 1·
1402 1542 1431 1575 e
1496 1544 1643 1574 suum
1690 1525 1863 1575 refert
1881 1560 1894 1585 ,
1943 1526 2092 1591 cujus

217 1612 346 1645 vero
398 1592 668 1659 specimen
721 1597 1168 1645 communicatum
1204 1596 1375 1659 (Lich.
1417 1595 1654 1659 exsicc.)
1694 1606 1840 1646 certo
1894 1597 2097 1646 certius

218 1664 412 1733 fungus
459 1673 557 1712 est.

638 1803 709 1843 22.
753 1810 1237 1849 VERRUCARIA
1280 1809 1667 1849 ΑεΡῙεΤΕΑ.

360 1897 424 1949 V.
476 1905 648 1951 crusta
697 1907 873 1945 cerata
924 1897 1093 1946 nitida
1143 1896 1820 1961 sulphureo-virescente,
1870 1893 2095 1961 apothe-

222 1967 324 2020 ciis
373 1964 776 2016 semiimmersis
828 1966 1376 2034 depresso—globosis
1427 1968 1726 2034 papillatiS,
1799 1965 2092 2033 perithecii

219 2038 336 2089 basi
374 2036 550 2085 medio
590 2034 1004 2098 subdeficiente,
1051 2047 1203 2103 parte
1249 2038 1531 2104 superiore
1579 2037 1791 2104 saepius
1840 2035 2093 2086 stellatim

221 2109 536 2161 dehiscente
575 2105 660 2155 vel
696 2105 940 2155 decidua.

362 2194 680 2247 Verrucaria
726 2195 987 2261 aspis-tea,
1025 2192 1166 2243 Aclz.
1204 2190 1532 2262 Lichenogr.
1574 2191 1721 2245 ιιηίυ.
1754 2211 1814 2261 ρ.
1852 2194 1971 2244 281.

363 2282 628 2349 Pyt-enula
683 2283 941 2351 aspistea,
994 2281 1133 2331 Aeli.
1188 2281 1241 2331 in
1293 2281 1456 2350 Rffag.
1506 2281 1559 2333 d.
1609 2279 1762 2334 Berl.
1804 2279 2091 2334 Gesellsch.

431 2348 794 2416 trctlzzsz7·sclae.
838 2349 926 2400 Fr.
977 2351 1033 2401 V.
1074 2353 1262 2416 (1814)
1293 2371 1349 2421 ρ.
1396 2372 1472 2417 17.
1507 2353 1617 2401 [ab.
1655 2345 1868 2416 II.'fig.
1919 2354 1997 2403 18.

358 2441 635 2490 Limboria
698 2440 1100 2503 circumscissa,
1175 2439 1326 2495 Icon.
1376 2438 1471 2508 asel.
1531 2448 1783 2508 cryptog.
1834 2439 1945 2489 tab.
2013 2458 2088 2492 ιο.

418 2506 522 2578 fig·
564 2520 612 2571 4·

364 2599 579 2649 Thallus
618 2609 955 2656 crustaceus,
997 2598 1163 2667 magis
1201 2599 1442 2647 minusve
1481 2596 1892 2659 crassiusculus„
1931 2596 2096 2647 laevi-

226 2680 379 2738 gatus
420 2682 471 2718 et
509 2669 707 2717 nitidus
733 2706 746 2728 ‚
786 2669 847 2717 ad
887 2669 1110 2717 formam
1150 2668 1376 2718 vitream
1416 2667 1707 2726 accedens,
1758 2667 2093 2733 sulphureus,

225 2757 351 2789 mox
390 2740 713 2805 pallescens,
756 2756 875 2787 mox
915 2736 1314 2796 ssavo-virens,
1369 2738 1421 2786 in
1475 2736 1708 2786 conlinio
1748 2737 2097 2803 nigro-limi-

224 2819 385 2859 tatus.
458 2807 753 2874 Apothecia
808 2809 1012 2857 mediae
1070 2807 1448 2875 magnitudinis
1496 2824 1652 2872 supra
1705 2806 1923 2855 thallum
1975 2824 2101 2872 per-

225 2877 508 2930 fecto-vel
548 2877 1273 2944 depresso-hemisphaerica
1309 2877 1519 2944 juniora
1555 2876 1832 2942 papillam,
1872 2895 1900 2926 a
1932 2887 2096 2926 strato

228 2947 383 2998 thalli
452 2947 692 2997 corticali
755 2946 1021 3009 obducta,
1091 2949 1217 2998 hinc
1277 2948 1680 3013 caesio-nigra
1738 2945 2097 3004 nitidiuscula‚

230 3016 393 3081 (icon.
433 3016 520 3066 cit.
558 3011 666 3084 fig.
705 3014 806 3065 IV.
845 3017 922 3081 6.)
980 3017 1066 3067 vel
1127 3018 1182 3067 in
1235 3016 1523 3067 corticibus
1579 3015 2098 3081 sempervirentium,

228 3088 325 3137 ubi
359 3086 683 3153 planiuscula
717 3098 853 3145 sunt,
894 3088 1109 3137 omnino
1142 3087 1315 3137 albida
1339 3086 1501 3149 (icon.
1524 3085 1612 3134 cit.
1637 3080 1747 3154 fig.
1787 3084 1888 3135 IV.
1917 3102 1964 3134 2.
1991 3085 2096 3147 am),-

231 3157 406 3207 ndulta
445 3157 613 3205 rarius
649 3157 993 3222 persistentia
1034 3158 1304 3216 ostiolata‚
1368 3157 1684 3224 plerumque
1740 3174 1770 3206 e
1824 3166 1974 3222 parte
2015 3173 2099 3204 su-

232 3227 454 3295 periore
493 3226 860 3276 circumsci‘ssa
897 3227 1122 3278 decidua
1160 3228 1244 3282 vel
1279 3227 1335 3280 in
1373 3226 1655 3278 arboribus
1710 3224 2100 3294 semperviren-

231 3348 326 3362 -ν

323 3417 369 3468 ⁶)
407 3417 438 3460 1.
471 3433 514 3462 c.
541 3418 651 3461 Vol.
686 3419 741 3460 ΙΙ.
773 3433 820 3476 Ρ.
846 3423 946 3471 494.

300 3473 381 3530 ⁰⁶)
409 3472 442 3520 l.
474 3488 520 3517 c·
549 3474 662 3523 Vol,
693 3475 733 3520 1.
765 3490 815 3533 p.
853 3482 946 3524 170,
