2163 3852
200 185 308 240 148
770 174 1046 223 LicwsES.
1091 171 1398 220 Pumus'rn
1425 186 1520 220 tm.

201 333 304 383 riis
325 310 330 315 .
354 321 755 397 emergentibus
822 324 1038 374 demum
1106 319 1490 373 subdenudatis
1512 357 1527 383 ‚
1591 335 1816 373 verruca
1862 319 2115 374 thallode¹

205 401 465 453 subnulla.
822 406 826 409 ⁴
1871 408 1876 414 ·

339 485 608 553 Pyrenula
643 480 1107 541 verrucarioides,
1155 477 1302 530 Aclc.
1342 481 1479 548 Syn.
1512 497 1570 547 p.
1608 475 1751 540 124?

352 575 574 627 Thallus
633 573 688 621 in
725 571 995 620 nonnullis
1042 588 1070 619 a
1112 569 1474 635 praecedente
1522 569 1612 617 vix
1647 568 1756 616 nisi
1803 568 2130 634 juventute,

205 653 333 703 hinc
363 646 624 697 tenuitate
661 653 713 691 et
755 642 941 691 colore
976 640 1233 705 puriore,
1287 639 1573 689 distinctus
1597 675 1609 697 ,
1668 639 1793 687 alias
1838 655 1968 688 vero
2012 657 2105 687 ru-

207 723 423 790 gulosus
448 716 577 764 hinc
596 713 720 762 inde
737 711 994 760 deficiens
1015 711 1094 758 illi
1130 712 1259 759 Gra
1279 728 1310 776 p
1329 709 1514 758 hidis
1554 709 1872 758 confinis
1894 709 2103 758 similis.

210 787 512 857 Apothecia
549 781 1000 850 prat-cedentibus
1050 780 1209 845 paulo
1255 781 1463 828 minora
1506 780 1842 846 emergentia
1883 780 1938 827 in
1985 796 2105 829 ver-

212 878 338 912 ruca
372 855 526 908 tenui
561 855 773 903 denium
804 852 919 901 fere
951 850 1095 899 nulla
1118 888 1130 909 ‚
1172 862 1444 899 caeterum
1482 867 1590 898 non
1629 850 1860 901 diversa.
1918 848 2107 899 Ostio-

211 934 319 981 lum
372 928 438 978 ad
494 926 695 974 lentem
751 940 937 987 parum
991 920 1307 986 prominens
1366 919 1702 986 cuspidatum
1774 919 2103 985 papillatum.

214 1002 430 1051 'l'hecae
456 993 908 1063 praecedentibus
942 991 1108 1041 multo
1145 991 1414 1050 minoreS,
1454 1001 1671 1051 ovatae,
1713 1006 1941 1057 opacae,
1981 989 2107 1039 sim-

212 1073 384 1139 plices
416 1067 502 1119 vel
533 1064 700 1114 semel
740 1061 1037 1111 annulatae.

354 1151 563 1205 Crescit
606 1150 659 1199 in
699 1149 886 1198 iisdem
931 1164 1053 1197 cum
1093 1146 1452 1214 praecedente
1500 1147 1790 1198 corticilnzs
1828 1147 1990 1215 inque
2020 1163 2108 1196 eo-

216 1228 443 1281 rzzmlem
476 1216 732 1285 σοιζῆηἰο.

353 1315 600 1367 Adnot.
675 1309 762 1360 Ob
799 1308 984 1358 thecas
1014 1305 1367 1372 imperfectas
1411 1306 1720 1356 obscuratas
1743 1344 1755 1368 ‚
1795 1304 2111 1372 apotheeio-

159 1392 164 1397 ’
215 1407 335 1441 rum
366 1387 595 1436 formam
634 1380 946 1429 diminutam
984 1388 1145 1445 atquc
1195 1376 1350 1424 thalli
1389 1377 1445 1425 in
1484 1378 1758 1426 nonnullis
1801 1376 2106 1425 conforma-

217 1463 424 1511 tionem
478 1451 760 1520 apothccia
817 1450 951 1498 haec
1012 1465 1113 1514 pro
1169 1445 1427 1496 abortivis
1474 1446 1602 1496 hinc
1660 1447 1787 1496 inde
1834 1446 1890 1496 in
1940 1445 2107 1496 thallo

215 1524 604 1596 Graphidis
644 1518 872 1572 confinis
910 1517 1218 1586 parasiticis
1255 1517 1458 1567 habere
1497 1535 1607 1568 non
1640 1517 1846 1567 dubito.

474 1678 519 1728 [1.-
565 1679 1128 1722 PYRENASTRUM
1171 1676 1769 1714 SEPTICOLLARE.
1817 1670 1846 1722 ’ξ-

350 1790 411 1838 Ρ.
444 1796 622 1835 crusta
647 1778 979 1849 inaequabili
1003 1776 1444 1835 fusco-aurantia‚
1491 1775 1789 1842 apotheciis
1816 1775 2113 1844 lagenifor-

211 1859 383 1911 mibus
401 1858 456 1906 in
478 1870 703 1905 verruca
725 1851 876 1900 tenui
899 1847 1355 1904 semisimmersiffi
1399 1847 1454 1894 in
1496 1847 1758 1895 circulum
1786 1847 2109 1914 aggregatis,

211 1930 422 1983 ostiolis
460 1923 798 1988 subseptenis
827 1917 1253 1970 horizontalibus
1287 1916 1491 1966 conicis
1526 1917 1856 1967 subcurvatis
1887 1933 2113 1967 conver-

210 2001 482 2072 gcntibus„
520 1994 700 2044 medio
734 1993 790 2040 in
818 2009 878 2041 os
911 2004 1196 2040 commune
1235 1986 1507 2047 connatis,
1542 1987 1736 2038 nucleo
1776 1987 2113 2038 cordiformi.

352 2085 501 2155 Syst.
541 2079 706 2131 Liclz.
734 2073 845 2148 fig.
888 2080 970 2131 15.
1007 2095 1056 2126 a.
1101 2078 1149 2126 h.
1190 2094 1235 2125 c.
1274 2075 1328 2125 d.

2016 2136 2027 2155 Ι

359 2174 579 2226 Thallus
623 2180 934 2220 crustaceus
973 2164 1260 2228 (vetustus)
1296 2164 1608 2232 rugulosus,
1655 2164 1782 2215 hinc
1820 2165 1946 2215 inde
1985 2162 2116 2214 defi-

222 2249 373 2300 ciens
409 2245 496 2298 vel
534 2242 836 2309 nigrican5‚
899 2238 1043 2288 circa
1090 2235 1374 2303 apothecia
1420 2236 1755 2287 verruculam
1805 2236 2118 2302 depressam

217 2318 524 2370 efformans.
629 2309 935 2378 Apothecia
994 2307 1050 2355 in
1098 2306 1198 2355 hac
1253 2322 1481 2356 verruca
1532 2305 1980 2368 semi-immersa
2029 2305 2116 2357 vel

214 2389 385 2456 mflgis
435 2381 832 2452 prominentia,
896 2395 1023 2428 sena
1073 2387 1369 2442 septenave
1424 2376 1481 2424 in
1537 2376 1797 2425 circulum
1837 2386 2114 2444 congesta,

213 2472 274 2510 ut
311 2463 368 2508 in
403 2452 782 2523 praecedentis
823 2448 1029 2517 speciei
1066 2447 1239 2498 forma
1277 2445 1544 2508 normali3
1595 2446 1835 2512 ejusdem
1890 2462 2109 2522 quoque

214 2525 626 2597 magnitudinis,
667 2522 732 2572 ad
767 2522 904 2585 latus
943 2518 1085 2568 infra
1123 2517 1339 2566 thallum
1380 2517 1437 2565 in
1475 2516 1730 2566 ostiolum
1761 2518 1961 2575 sensim
1988 2534 2114 2581 pro-

218 2601 411 2662 ducta3
465 2594 746 2661 decrepita
796 2602 1004 2657 partem
1064 2588 1404 2653 superiorem
1455 2587 1751 2636 amittentia
1801 2587 1884 2637 vel
1937 2587 2118 2635 dehis-

216 2671 396 2722 centia
441 2662 915 2732 longitudinaliter
964 2668 1149 2725 aperta
1201 2656 1364 2718 (icon.
1402 2655 1489 2704 cit.
1535 2659 1634 2721 cn).
1716 2656 1928 2708 Ostiola
1967 2656 2118 2707 hori-

220 2739 494 2798 zontalia,
542 2735 639 2784 sub
692 2731 850 2782 [hallo
886 2729 1138 2789 latentia,
1188 2726 1427 2792 ejusdem
1469 2726 1588 2776 fere
1629 2742 1751 2776 cum
1786 2727 1954 2794 partis
2002 2727 2121 2794 glo-

219 2811 386 2862 bosae
420 2808 684 2857 diametro
717 2799 1068 2867 longitudinis
1089 2835 1102 2858 ,
1143 2816 1170 2846 a
1202 2797 1383 2846 medio
1412 2813 1599 2846 versus
1631 2809 1873 2847 centrum
1906 2815 2118 2847 sursum

222 2892 475 2939 curvata,
525 2877 580 2925 in
614 2892 675 2924 os
722 2887 1003 2922 commune
1043 2884 1326 2934 emergens
1363 2867 2001 2934 papillato-cuspidatum
2027 2868 2116 2917 de-

221 2944 472 3004 sinentia.
544 2945 780 2995 Nucleus
814 2939 1103 3009 peritheeii
1134 2937 1340 2987 formae
1366 2937 1621 2986 interiori
1648 2938 1948 3004 adaptatusj
1987 2937 2115 2988 hinc

220 3023 310 3074 vel
345 3037 464 3069 cum
500 3015 739 3083 ejusdem
767 3012 940 3061 forma
971 3021 1192 3059 externa
1219 3007 1622 3074 lagenisormis,
1682 3010 1768 3060 vel
1818 3010 1863 3058 si
1915 3008 2114 3057 cavitas

221 3091 460 3143 interior
496 3096 716 3152 angusta
749 3095 857 3141 est,
911 3078 1210 3145 cylindrico
1234 3108 1254 3117 -
1277 3095 1649 3143 compressus,
1688 3080 1770 3128 ad
1807 3079 1959 3128 basin
2001 3095 2118 3128 sae.

224 3163 347 3232 pius
383 3160 450 3210 ob
492 3156 711 3206 fundum
762 3151 1052 3220 perithecii
1101 3149 1359 3213 (plurium
1402 3149 1995 3200 Verrucariarum
2051 3148 2117 3198 ad

223 3232 462 3293 modum)
511 3229 803 3277 introrsum
862 3221 1183 3287 productum
1243 3218 1826 3286 furcam—bipartitus,
1907 3218 2115 3268 duobus

222 3298 512 3372 perithccii
548 3296 740 3346 loculis
780 3304 834 3344 et
866 3292 1046 3340 nuclei
1074 3289 1327 3340 cornibus
1362 3306 1548 3339 versus
1585 3289 1838 3339 ostiolum
1873 3287 1926 3337 in
1954 3306 2116 3337 unum

225 3368 620 3425 confluentibus
658 3365 820 3429 (icon.
858 3361 946 3411 cit.
986 3369 1056 3422 e.)
1130 3359 1343 3411 Thecae
1374 3375 1596 3427 parvae,
1638 3359 1942 3426 ellipticae‚
1985 3376 2113 3429 qua-

221 3456 350 3497 tuor
380 3438 626 3508 §perulas
664 3436 1022 3486 continentes·

363 3525 562 3581 Incolit
598 3522 847 3575 corticem
885 3517 1096 3571 arboris
1128 3517 1384 3569 nodosam
1413 3533 1587 3584 prope
1629 3512 1793 3566 Para:
