2163 3852
695 81 1004 165 *Insultans
1063 114 1371 164 Panxnnu.
1867 113 1966 172 215

244 264 442 316 Crescit
501 264 554 314 in
610 259 850 315 Brasilia
898 261 1237 311 meridionali
1288 260 1528 327 (Sellow.
1581 258 1746 311 Herh.
1795 258 1964 310 Bero-

108 335 262 402 lin.),·
298 336 352 386 in
394 339 502 385 Ins.
540 330 617 383 St.
655 329 919 381 Mam-itii
953 329 1142 395 (Herb.
1180 329 1424 396 Sieberi.)

240 426 303 476 P.
342 418 870 477 damnem-nis,
911 418 1356 488 quercifolia
1396 420 1456 483 †;
1495 419 1655 469 thallo
1706 417 1962 466 latissimo

107 492 346 544 coriaceo
377 494 617 542 alutaceo
634 518 654 528 -
677 489 1046 557 glaucescente
1108 488 1290 538 subtus
1345 490 1534 557 nigro·
1554 489 1703 538 fusco
1725 488 1965 551 -lanugi-

104 578 231 612 noso
288 559 669 628 cyphellifero,
732 558 940 607 laciniis
978 558 1226 625 oblongis
1263 557 1686 625 subpinnatifi‘dis
1727 558 1961 606 sinuato-

102 628 321 691 lcbatis,
372 629 565 682 lobulis
606 628 906 678 rotundatis
944 629 1488 693 sinuato-repandis,
1546 626 1779 677 :nutellis
1829 642 1965 674 mar-

107 702 366 767 ginalibus
391 739 403 760 ,
450 700 599 749 disco
634 698 978 765 margineque
1009 697 1359 747 crassiusculo
1406 697 1620 747 vinosis.

235 771 453 821 Thallus
473 771 577 818 late
610 784 891 832 expansus,
927 767 1173 833 palmaris
1202 778 1257 816 et
1288 768 1442 826 ultra,
1482 767 1774 822 coriaceus,
1813 779 1964 830 prae-

101 840 321 890 cedente
349 841 544 889 iterum
569 835 792 894 firmior,
821 836 1483 904 depresso-planiusculus,
1513 837 1686 884 siccus
1716 835 1964 883 cervino-

101 909 470 977 glaucescens,
507 907 836 955 humectatus
867 908 1006 957 laete
1039 907 1259 968 viridis,
1310 909 1491 957 subtus
1524 904 1774 971 lanugine
1808 903 1968 952 densa

100 979 456 1046 nigro-fusca
485 976 757 1034 obtectus,
799 977 1057 1043 cyphellis
1093 977 1349 1042 inspersis
1389 976 1627 1042 copiosis
1660 972 1966 1039 majoribus,

103 1048 208 1098 late
236 1048 515 1098 laciniatus
543 1066 585 1098 s.
611 1045 835 1095 lobatus.
900 1046 1039 1098 Lobi
1066 1047 1402 1116 planiusculi‚
1434 1046 1558 1095 hinc
1582 1043 1706 1093 inde
1735 1043 1798 1091 ad
1823 1042 1969 1090 sinus

99 1118 301 1184 plicatis
338 1116 726 1175 subrotundati,
755 1116 1074 1185 plerumque
1107 1116 1326 1184 oblongi
1356 1117 1506 1185 apice
1528 1112 1819 1171 rotundati‚
1844 1127 1969 1175 pro-

98 1187 264 1238 funde
283 1186 764 1244 flexuoso-sinuati,
789 1187 1116 1254 marginibus
1140 1188 1408 1253 depressis
1429 1180 1967 1234 inviccmimbricatis

100 1256 324 1307 subinde
357 1257 596 1307 connatis
617 1291 630 1315 ‚
682 1257 899 1306 sinubus
926 1275 952 1304 a
983 1257 1097 1307 basi
1137 1259 1203 1308 ad
1231 1257 1346 1306 lobi
1384 1256 1590 1322 apicem
1618 1252 1815 1302 sensim
1847 1251 1968 1298 bre-

97 1327 356 1386 vioribus,
385 1328 598 1393 saepius
627 1325 694 1375 ob
724 1326 935 1375 lobulos
963 1327 1135 1378 antice
1155 1325 1710 1378 rotundato-dilatatos
1736 1318 1967 1370 occlusis

98 1396 217 1446 fora
240 1397 378 1445 mina
409 1397 677 1446 ocellosve
707 1395 1085 1456 referentibus,
1124 1408 1182 1447 ut
1209 1397 1395 1447 felium
1428 1395 1672 1468 Quercus
1700 1389 1968 1440 aemulen-

96 1476 188 1515 tur
232 1467 337 1529 (uti
374 1468 438 1516 de
476 1466 697 1516 Sticta
749 1468 1195 1534 quercizante
1231 1467 1384 1516 Ach.
1424 1461 1786 1524 describitur).
1860 1461 1966 1507 Lo-

97 1535 213 1586 buli
241 1536 644 1586 subconsormes
673 1536 780 1584 nisi
809 1534 953 1602 quod
980 1537 1143 1603 magis
1172 1537 1464 1595 rotundati‚
1502 1534 1676 1582 minus
1700 1527 1967 1595 profunde

99 1606 295 1654 sinuati
333 1607 455 1654 sint.
530 1605 798 1654 Scutellae
835 1622 1074 1670 sparsae,
1140 1606 1196 1654 in
1246 1605 1470 1670 singulis
1517 1602 1659 1652 lobis
1705 1597 1967 1664 margina-

99 1674 214 1735 les,
250 1674 489 1741 juniores
525 1674 1119 1741 depresso—globosae,
1183 1676 1375 1740 capitis
1423 1673 1659 1725 aciculae
1708 1668 1967 1736 magnitu-

97 1744 254 1805 dine,
291 1745 490 1795 sensim
527 1744 772 1795 dilatatae
809 1745 1069 1794 diametro
1117 1745 1182 1795 ad
1214 1762 1470 1794 summum
1505 1739 1772 1791 bilineari.
1845 1737 1968 1784 Dis-

96 1830 189 1865 cus
216 1814 420 1880 planuS‚
461 1814 689 1864 obscure
715 1815 965 1877 vinosus3
1003 1832 1184 1882 margo
1214 1815 1279 1864 ab
1315 1815 1473 1866 initio
1505 1830 1623 1864 cum
1651 1811 1801 1860 disco
1839 1822 1967 1855 con-

96 1885 280 1943 color,
322 1883 487 1951 magis
523 1885 834 1951 prominens
889 1902 1041 1953 quam
1091 1884 1146 1933 in
1185 1885 1442 1935 varietate
1492 1881 1873 1950 praecedente,
1911 1887 1968 1925 et

93 1955 408 2021 persistens,
457 1983 526 1993 --
597 1955 739 2004 Hinc
785 1954 912 2002 inde
967 1955 1031 2003 ad
1087 1954 1237 2004 thalli
1294 1956 1584 2023 marginem
1650 1947 1968 2016 proliferum

93 2024 261 2074 lobuli
300 2023 449 2090 parvi
483 2024 756 2073 rotundati
789 2023 1034 2090 depressi
1064 2026 1130 2074 ad
1165 2024 1297 2074 latus
1336 2020 1744 2092 subpedicellati
1780 2016 1969 2066 obser-

93 2106 300 2156 vantur,
339 2094 430 2162 qui
481 2111 856 2163 nonnunquam
905 2095 1183 2160 apothecia
1221 2096 1464 2161 operculi
1501 2094 1565 2144 ad
1609 2091 1777 2140 instar
1817 2086 1970 2164 obte-

94 2176 244 2233 gunt.
279 2191 350 2202 -·
419 2165 702 2214 Transitus
758 2165 812 2212 in
857 2165 1168 2215 varietatem
1216 2165 1633 2232 praecedentem
1685 2161 1743 2209 in
1795 2171 1969 2223 specl-

92 2235 293 2284 minum
330 2235 487 2301 copia
522 2252 628 2284 non
666 2234 874 2284 desunt.
1334 2241 1337 2245 '

241 2319 442 2370 Crescit
479 2320 533 2369 in
581 2321 895 2370 caudicibus
929 2320 1184 2370 arborum
1231 2321 1303 2369 ad
1350 2318 1586 2384 fluvium
1626 2321 1968 2372 Amazonum

93 2392 150 2442 in
180 2389 421 2440 Brasilia
460 2391 550 2454 (de
586 2389 827 2455 Mart.);
866 2391 937 2440 ad
975 2389 1081 2440 Rio
1111 2391 1241 2440 doce
1275 2391 1328 2440 in
1367 2391 1650 2442 arboribus
1685 2390 1969 2461 sylvaticis

93 2460 372 2528 (Seretziss.
411 2457 594 2510 Princ.
629 2459 901 2526 Neovid.).

232 2553 293 2602 P.
334 2549 864 2609 damaecornis‚
909 2547 1256 2599 diminuta
1297 2549 1359 2612 †3
1413 2550 1577 2601 thallo
1613 2551 1767 2601 tenui
1805 2567 1967 2600 mem-

89 2620 356 2671 branaceo
392 2620 990 2687 glauco-fuscescente,
1023 2620 1206 2668 subtus
1235 2621 1555 2671 nudiusculo
1591 2620 1964 2688 cyphellifero,

92 2690 308 2741 laciniis
348 2689 656 2754 pinnatifido
679 2690 931 2750 -lobatis‚
969 2688 1164 2737 lohulis
1202 2690 1487 2741 crenulatis
1526 2691 1894 2756 subcrispatis.

231 2760 448 2810 Thallus
484 2761 682 2809 sterilis
719 2758 1068 2826 praecedenti
1104 2757 1425 2819 similli1nuS‚
1465 2762 1559 2811 sed
1578 2761 1827 2811 omnibus
1848 2778 1969 2826 par-

92 2828 238 2880 tibus
277 2827 462 2879 'minor
495 2841 549 2879 et
584 2831 826 2889 tenuior,
863 2840 922 2879 ut
960 2827 1210 2878 firmitate
1240 2829 1529 2880 substantia
1566 2843 1620 2881 et
1644 2832 1827 2881 colore
1858 2831 1969 2896 pri-

92 2916 210 2949 mae
261 2899 466 2965 speciei
519 2900 759 2949 varietati
828 2898 1130 2965 descriptae
1184 2901 1526 2965 respondeat.
1636 2899 1966 2967 Superficies

90 2969 242 3020 thalli
288 2969 453 3018 laevis
477 3006 491 3028 ,
529 2971 695 3038 magis
735 2969 911 3019 virens
954 2986 1109 3035 quam
1145 2970 1555 3033 praecedentis,
1596 2970 1819 3020 subinde
1856 2970 1968 3019 fus-

97 3055 346 3101 cescens3
386 3038 550 3089 facies
587 3041 775 3106 supina
812 3057 996 3089 versus
1031 3040 1321 3106 marginem
1368 3038 1578 3106 glabra,
1617 3040 1802 3100 fusca,
1844 3057 1962 3088 ver-

97 3127 185 3160 sus
226 3109 457 3159 medium
497 3110 784 3175 nigricans,
822 3126 984 3176 parce
1019 3108 1350 3174 lanuginosa,
1408 3110 1665 3177 cyphellis
1702 3109 1965 3176 inspersis

93 3179 232 3228 raris
268 3179 745 3230 subconcoloribus
782 3180 1222 3229 fuscescentibus.
1295 3179 1433 3228 Lobi
1466 3198 1653 3247 parum
1690 3180 1966 3247 longiores

95 3267 253 3317 quam
289 3250 344 3297 in
383 3251 769 3314 praecedente,
818 3249 1135 3314 profundius
1171 3249 1360 3310 incisi,
1399 3249 1487 3300 vix
1525 3251 1749 3310 sinuati,
1787 3249 1966 3316 potius

92 3319 449 3385 pinnatifidi3·
499 3319 669 3369 lobuli
730 3319 969 3386 margine
1015 3319 1133 3369 sere
1197 3331 1309 3370 toto
1362 3332 1529 3370 semet
1573 3331 1851 3389 tangentes
1913 3328 1968 3366 ct

94 3389 490 3448 subimbricati,
540 3388 778 3455 margine
816 3388 1090 3439 crenulato
1137 3389 1264 3441 hinc
1305 3391 1430 3441 inde
1466 3390 1964 3459 plicato-crispato.

236 3457 437 3509 Crescit
471 3458 544 3510 ad
560 3455 808 3526 fluvium
847 3458 1202 3509 Amazonum.
