2163 3852
664 146 970 201 Lucanum.
1045 146 1317 203 Gauius.
1868 164 1940 216 83

34 291 388 357 densissima,
437 292 567 346 hinc
617 305 674 347 et
720 295 792 347 ob
829 298 1089 351 corticem
1121 316 1378 368 rugosum
1413 312 1640 354 connata
1677 313 1733 355 et
1768 324 1930 359 unum

33 381 196 430 supra
261 364 490 414 alterum
554 367 913 432 accumulata,
979 369 1188 436 juniora
1241 369 1406 422 denso
1467 382 1635 425 strato
1687 374 1929 429 thallode

33 433 345 498 (medullari
384 451 505 485 curn
547 436 821 502 corticali)
881 439 1101 489 cinereo
1150 439 1501 492 nitidiusculo
1555 461 1656 495 nec
1693 464 1930 514 unquam

34 503 414 571 pulverulento
466 503 709 566 obtecta,
766 517 825 556 ut
873 507 928 558 in
964 507 1210 575 pluribus
1246 510 1334 560 vix
1370 512 1560 562 rimam
1597 517 1924 583 conspicias,

33 572 244 622 demum
284 592 441 640 supra
478 575 741 625 denudata
778 587 891 626 atra
928 579 1126 638 nitida,
1184 591 1407 647 anguste
1457 583 1679 645 rimata,
1731 586 1926 639 suboc-

29 642 196 696 clusa.
245 644 610 694 Perithecium
630 645 1057 710 crassiusculum‚
1092 648 1311 709 varium,
1351 650 1703 715 cylindricum
1724 669 1778 706 et
1802 657 1927 708 sub-

28 714 360 778 angulosum‚
396 713 481 764 vel
535 732 743 763 sursum
780 716 1098 768 deorsumve
1137 735 1532 788 compressum,
1571 723 1687 773 basi
1725 728 1921 778 exinde

29 799 155 831 mox
202 794 450 850 angusta,
504 801 625 833 mox
671 785 962 837 incrassata
1013 788 1253 855 dilatata,
1304 808 1466 858 supra
1514 791 1569 840 in
1617 793 1922 860 junioribus

30 867 148 903 cum
184 854 377 903 nucleo
416 853 812 920 subcylindrico
848 856 1359 924 plano-convexum
1403 877 1506 912 nec
1542 861 1811 914 rimatum.

169 938 372 990 Crescit
412 939 486 990 ad
516 940 769 992 corticem
805 941 1161 997 Cinchonae?
1200 946 1452 998 adultam
1478 967 1651 1017 prope
1680 950 1850 1005 Para'.

166 1030 277 1080 Gr.
317 1029 624 1092 illinita,
682 1034 1205 1094 vermiformis;
1243 1050 1275 1103 5·
1332 1049 1511 1087 crusta
1550 1041 1922 1110 subcartilagi-

26 1100 561 1166 neo-pulverulenta
609 1101 826 1165 albida,
888 1105 1188 1170 apotheciis
1239 1106 1534 1158 linearibus
1578 1113 1919 1165 rectiusculis

25 1169 461 1289 sixppliciusculis
525 1172 759 1241 turgidis
822 1175 1031 1227 obtusis
1082 1194 1113 1227 a
1160 1176 1326 1230 thallo
1390 1181 1667 1246 coopertis
1718 1182 1919 1233 canali-

22 1255 90 1290 cu
112 1251 233 1290 atis.

160 1327 382 1380 Thallus
434 1327 643 1380 albidus
698 1340 754 1380 et
801 1330 1174 1393 cineraseens‚
1228 1335 1646 1398 crassiusculus‚
1696 1336 1915 1391 demum

20 1397 415 1460 subtartareus‚
469 1400 523 1449 in
561 1398 796 1455 confinio
831 1400 1314 1468 nigro-limitatus.
1387 1406 1690 1472 Apothecia
1727 1408 1912 1472 densa,

15 1468 466 1535 praecedentibus
504 1468 812 1530 simillima,
865 1473 973 1520 nisi
1021 1471 1162 1534 quod
1198 1475 1372 1526 minus
1407 1474 1685 1538 flexuosa,
1735 1479 1911 1530 minus

15 1537 186 1588 divisa
237 1550 291 1588 et
331 1538 542 1604 juniora
590 1538 646 1587 in
702 1540 888 1606 priore
936 1540 1059 1591 loco
1113 1544 1310 1607 natali,
1363 1545 1434 1595 ob
1482 1546 1703 1596 thallum
1751 1549 1913 1599 aliter

22 1607 436 1671 conformatum,
484 1608 955 1675 subpulverulenta
988 1628 1090 1661 nec
1125 1612 1296 1664 nitida
1334 1615 1474 1678 sint3
1512 1616 1568 1664 in
1597 1618 1765 1668 altero
1786 1619 1912 1670 loco

16 1677 179 1727 natali
231 1689 415 1745 aperta
467 1679 847 1742 canaliculata‚
915 1681 1068 1731 disco
1116 1683 1366 1750 turgido,
1438 1686 1681 1754 margine
1734 1690 1906 1740 tenui.

15 1747 388 1799 Perithecium
434 1749 502 1799 ad
553 1767 794 1800 normam
850 1749 906 1799 in
953 1750 1259 1817 junioribus
1307 1772 1468 1822 supra
1502 1755 1781 1819 rimatum,
1811 1774 1909 1809 *se-

13 1817 196 1870 ctione
256 1820 599 1870 transversali
657 1818 1012 1883 cordisormi,
1079 1823 1216 1873 rima
1266 1841 1399 1877 vero
1448 1825 1520 1875 ob
1568 1837 1904 1894 tegmentum

11 1886 279 1940 thallodes
329 1889 544 1956 saepius
592 1889 959 1956 inconspicua.
1045 1893 1264 1944 Thecae
1314 1895 1397 1950 (in
1447 1897 1745 1963 specimine
1792 1898 1905 1949 loci

9 1958 199 2009 natalis
247 1959 527 2011 ulterioris
578 1959 918 2026 observatae)
963 1979 1214 2030 magnae,
1266 1965 1905 2034 oblongo-cylindricae,

9 2028 290 2080 annulatae
327 2041 381 2080 et
419 2029 745 2094 cellulosae,
784 2031 998 2083 cellulis
1034 2033 1322 2103 quadratis.

148 2133 352 2187 Crescit
383 2136 458 2186 ad
489 2136 748 2187 arborum
775 2137 1027 2188 corticem
1047 2157 1221 2207 prope
1257 2138 1412 2191 Parci
1426 2179 1439 2202 ‚
1475 2138 1707 2208 confinis
1743 2143 1901 2195 Usta-

7 2201 115 2255 liae
148 2207 374 2275 gracilis
409 2226 528 2257 var.
578 2207 865 2272 adspersae
896 2217 949 2258 et
986 2206 1257 2261 Lecideae
1281 2230 1605 2279 parasemae
1637 2232 1756 2266 var.
1780 2214 1902 2266 lila-

6 2275 160 2326 cinae
181 2314 195 2340 ‚
244 2277 366 2327 dein
394 2277 450 2327 in
475 2277 674 2327 cortice
705 2276 1040 2328 Caso-arillae
1072 2279 1388 2332 brasiliensi.

144 2384 388 2435 Adnot.
465 2386 690 2452 Species
738 2385 951 2455 integra
989 2387 1340 2454 Graphidi
1378 2390 1763 2444 intricatae
1801 2411 1899 2444 no-

10 2465 155 2506 strae
185 2472 296 2505 non
333 2455 625 2517 absimiliS‚
685 2455 834 2522 cujus
871 2472 1003 2507 vero
1040 2457 1233 2508 thallus
1272 2458 1516 2512 diversus
1538 2498 1551 2521 ‚
1618 2463 1902 2530 apothecia

1 2525 167 2575 multo
203 2528 445 2590 minora,
497 2526 666 2596 magis
717 2543 928 2578 ramosa
980 2537 1037 2578 et
1085 2528 1364 2597 longiora,
1415 2531 1534 2582 basi
1586 2544 1901 2586 constanter

3 2593 309 2651 deficiente.

463 2763 532 2805 12·
590 2769 918 2807 GRAPHIS
961 2769 1429 2815 RHIZOGQLA.

141 2882 238 2932 Gr.
276 2893 493 2944 „crusta
514 2884 920 2935 membranaceo
934 2914 954 2925 -
969 2885 1316 2954 cartilaginea
1354 2885 1892 2941 cinereo-flavescen-

4 2960 57 3001 te
95 2951 266 3002 effusa
302 2953 547 3015 suble-vi,
601 2955 901 3023 apotheciis
957 2957 1187 3008 ramosis
1240 2956 1506 3025 elongatis
1560 2959 1892 3010 subrectius-

0 3020 135 3071 culis
172 3023 444 3089 angustis,
492 3023 609 3074 basi
656 3036 833 3075 crusta
886 3026 1108 3087 cinctis,
1167 3026 1319 3078 disco
1357 3038 1474 3079 atro
1513 3030 1890 3097 angustissimo

5 3091 417 3143 canaliculato.“
499 3094 672 3158 Fee,
725 3095 760 3144 1.
816 3111 863 3146 c.
918 3114 972 3164 p.
1023 3096 1110 3148 33.
1162 3096 1290 3148 tab.
1349 3103 1425 3152 13.
1477 3098 1600 3167 fig.
1652 3115 1698 3148 2.
1739 3099 1891 3165 (sul)

10 3158 60 3212 Ο
74 3179 110 3229 p
129 3178 288 3230 egra
302 3163 474 3229 pha).

139 3248 343 3300 Crescit
393 3250 448 3300 in
490 3250 752 3301 America
807 3251 1155 3303 meridionali
1205 3253 1280 3305 ad
1328 3253 1578 3306 corticem
1643 3256 1887 3308 radicum

3 3313 311 3390 Cirgclzonae
343 3318 658 3390 lancgsoliae
685 3320 887 3374 Mutis.
941 3322 1122 3389 (Fe'e).

138 3409 248 3459 Gr.
313 3409 726 3462 rhizocola‘?
785 3412 1213 3478 psittacina3
1265 3420 1296 3472 †
1357 3424 1535 3463 crusta
1602 3413 1881 3466 subcerata

3 3472 256 3545 laevigata
291 3480 607 3546 psittacina,
665 3481 967 3549 apotheciis
1019 3484 1236 3533 minutis
1286 3481 1582 3535 linearibus
1629 3483 1885 3536 flexuosis

5 3544 322 3601 subramosis
360 3551 713 3603 acutiusculis
751 3571 780 3603 a
815 3552 980 3604 thallo
1020 3553 1277 3607 obtectis.-

1099 3619 1195 3688 02.
