2163 3852
701 168 1001 220 Licnmnzs.
1067 171 1367 222 emnam..
1870 179 1975 230 271

241 315 440 368 Crescit
476 316 549 366 acl
583 315 729 382 ripas
745 314 924 381 fluvii
958 318 1296 368 Amazonum
1332 319 1386 369 in
1427 317 1707 386 Brasili05
1764 320 1846 385 (in
1882 321 1974 374 In-

92 385 216 438 sula
254 386 561 450 Borbom‘a,
607 383 811 454 Bory).

229 476 471 527 Adnot.
543 475 680 525 Satis
718 477 967 527 convenit
1003 476 1177 542 planta
1216 487 1396 525 nostra
1435 494 1551 527 cum
1598 479 1971 545 descriptione

91 556 147 594 et
182 545 340 596 icone
378 546 581 610 Boryi
621 545 829 609 citatis;
886 546 1118 613 proxima
1161 558 1239 595 cst
1274 546 1509 610 ejusdem
1547 550 1752 616 speciei
1798 551 1970 600 varie-

90 614 188 664 tati
239 617 556 682 turgidae
609 615 873 665 Schaer.
930 615 1069 680 Spic.
1128 613 1251 664 liclz.
1307 614 1445 665 loelo.
1509 636 1566 684 p.
1621 619 1708 679 43.
1773 620 1967 669 exsicc.

88 699 169 733 720·
213 686 313 748 84,
365 704 394 734 a
437 703 537 753 qua
583 686 795 734 nonnisi
835 686 1040 736 recedit
1080 685 1408 735 dimensione
1447 688 1681 737 omnium
1736 691 1969 756 partium

86 754 319 821 majore,
383 756 561 804 axillis
600 753 725 804 hinc
766 756 871 805 late
921 757 1281 822 ringentibus‚
1349 771 1676 824 quapropter
1716 777 1818 809 nec
1859 779 1970 811 non

88 825 159 875 ob
197 825 420 892 patriam
460 836 512 874 et
549 826 726 874 locum
765 825 1032 876 diversum
1072 843 1177 894 quo
1227 826 1406 892 posuit
1441 826 1669 892 plantam
1713 832 1970 896 Borya-

86 911 230 944 nam
281 896 367 946 Cl.
413 894 757 945 Flfirkeus
809 896 1097 946 secundum
1137 896 1428 962 specimina
1480 897 1582 945 sibi
1635 898 1699 947 ab
1750 912 1972 951 auctore

85 965 501 1025 communicata,
559 963 889 1032 sejungimus
927 977 1159 1014 nostram
1218 979 1273 1016 ut
1311 966 1622 1015 varietatem
1672 971 1967 1036 propriam.

81 1033 172 1084 Cl.
222 1034 552 1084 Flfirlzeus
599 1035 854 1084 nimirum
906 1036 1136 1102 plantam
1183 1037 1331 1085 istam
1378 1038 1671 1100 Boryanam
1716 1039 1966 1091 Clado-

78 1103 239 1153 niae
299 1104 622 1170 turgidae
685 1123 810 1154 suae
871 1123 971 1172 pro
1027 1124 1313 1171 synonymo
1370 1106 1695 1175 subjungens
1745 1121 1965 1161 nostrae

78 1173 296 1240 quidem
344 1174 646 1223 sententiae
701 1175 828 1226 satis
884 1175 1142 1226 accedere
1198 1177 1437 1236 videtur,
1508 1177 1777 1245 siquidem
1828 1179 1962 1232 haec

76 1236 170 1296 c'l.
220 1245 498 1312 turgida
548 1244 734 1294 eadem
790 1257 870 1296 est
920 1263 980 1294 ac
1029 1246 1118 1296 Cl.
1174 1247 1453 1295 stellata
1508 1266 1616 1299 var.
1671 1251 1960 1317 turgida
2032 1270 2043 1277 ··

81 1312 311 1363 Sohar.
363 1332 404 1366 s,
455 1314 715 1364 Lichen
768 1316 1080 1381 turgidus
1129 1316 1291 1365 Ehrh.
1342 1317 1500 1366 Licet
1550 1335 1680 1367 vero
1729 1330 1959 1388 uterque

73 1384 349 1449 specimen
387 1383 756 1434 Ehrhardti
796 1385 1134 1447 exsiccatum,
1173 1404 1274 1437 nec
1308 1404 1415 1435 non
1452 1387 1794 1438 Florkeus
1838 1407 1960 1457 spe-

73 1453 249 1502 cimen
286 1454 457 1519 ipsum
498 1455 820 1505 Schareri
859 1456 1154 1515 citaverint,
1196 1457 1326 1505 licet
1351 1455 1583 1525 denique
1619 1458 1698 1507 Cl.
1742 1460 1958 1510 Acha-

70 1523 216 1572 rius
266 1524 408 1572 idem
466 1525 738 1590 specimen
777 1526 1167 1575 Ehrhardti
1218 1527 1347 1576 citet
1397 1526 1465 1575 ad
1521 1529 1957 1593 Cenomycen

67 1593 424 1658 parecham
463 1612 606 1642 suam
634 1613 661 1642 a
692 1594 1076 1644 S‘chaerero
1116 1607 1169 1644 et
1206 1596 1502 1645 Flsrkeo
1529 1614 1630 1663 pro
1663 1615 1954 1664 synonymo

65 1662 328 1723 habitam,
369 1665 577 1729 species
619 1676 793 1713 tamen
836 1664 966 1712 haec
996 1665 1325 1725 Achariana,
1365 1665 1514 1732 cujus
1542 1667 1839 1734 specimina
1863 1687 1955 1719 ex-

66 1732 262 1782 siccata
299 1733 438 1783 bona
474 1734 757 1783 ediderunt
786 1735 863 1784 Cl.
904 1735 1133 1784 Funck
1170 1733 1392 1802 (Gry-pt.
1432 1734 1581 1785 Gew.
1626 1751 1702 1785 no·
1737 1739 1857 1800 623,
1882 1768 1954 1778 —-

65 1821 93 1852 a
130 1803 439 1853 Florkeo
480 1804 695 1871 quidem
734 1823 837 1854 non
880 1804 1126 1863 citatum,
1181 1822 1301 1854 cum
1336 1806 1438 1854 alia
1476 1808 1769 1873 specimina
1805 1812 1952 1859 Fun-

67 1873 176 1922 chii
213 1873 331 1922 fere
366 1876 548 1923 omnia
588 1875 791 1938 citarit)
831 1887 883 1924 et
922 1876 1150 1930 Fries,
1193 1873 1380 1937 (Lech.
1416 1894 1557 1926 suec·
1610 1890 1689 1925 71⁰·
1729 1887 1838 1943 ¹47·
1879 1906 1950 1917 —-

61 1943 394 2001 Florlzeo,
452 1956 510 1993 ut
561 1947 807 2010 suspicor
857 1963 965 1993 non
1016 1944 1211 2005 visum)
1264 1965 1292 1995 a
1343 1946 1517 2011 planta
1569 1949 1946 1998 Schaereri

59 2013 222 2081 longe
261 2012 487 2063 differre
525 2015 752 2064 videtur.
829 2015 916 2065 Cl.
969 2015 1307 2066 Florkeus
1346 2033 1478 2068 vero
1516 2017 1580 2066 ad
1621 2017 1946 2087 descriptio-

53 2101 178 2132 nem
240 2101 384 2133 suam
446 2081 779 2147 (Comment.
836 2102 995 2133 nova.
1065 2103 1120 2149 p.
1180 2088 1324 2148 115.)
1392 2087 1631 2153 speciem
1687 2089 1945 2139 Acharia-

54 2171 176 2202 nam
209 2155 387 2219 potius
427 2173 581 2223 quam
619 2156 845 2221 plantam
887 2155 1253 2206 Schaereri
1302 2168 1421 2206 aute
1459 2157 1645 2207 oculos
1689 2159 1942 2209 habuisse

53 2224 298 2286 videtur3
354 2225 637 2293 distinguit
688 2227 832 2275 enim
882 2226 970 2276 Cl.
1025 2226 1368 2292 turgidam
1425 2245 1453 2276 a
1508 2227 1600 2278 Cl.
1654 2230 1939 2280 stellata

54 2296 153 2356 „1)
194 2295 379 2344 colore
419 2295 893 2346 albo-virescente
932 2311 1031 2345 nec
1086 2296 1489 2363 albo-pallido,
1546 2297 1602 2361 2)
1642 2298 1807 2350 thallo
1855 2301 1941 2348 in-

50 2364 229 2432 „signi
269 2365 594 2431 persistente
630 2382 732 2415 nec
771 2368 974 2415 minuto
1014 2384 1135 2414 mox
1175 2367 1474 2428 evanido“‚
1532 2369 1676 2436 quod
1715 2386 1835 2419 cum
1873 2372 1932 2420 C.

47 2434 344 2499 pax-echa
414 2436 568 2485 Ach.
642 2438 860 2486 omnino
918 2437 1171 2485 convenit
1236 2454 1334 2486 nec
1384 2454 1515 2487 vero
1579 2455 1699 2487 cum
1755 2442 1933 2506 planta

48 2504 401 2564 Schareri‚
443 2524 576 2574 quae
615 2507 904 2556 secundum
945 2506 1235 2572 specimem
1273 2507 1419 2574 quod
1456 2505 1708 2557 habemus
1749 2521 1802 2559 et
1846 2511 1933 2576 ip-

48 2593 158 2625 sam
199 2575 430 2625 auctoris
469 2576 891 2643 descriptionem
930 2578 1210 2626 straminea
1243 2588 1353 2637 est,
1391 2588 1448 2625 ut
1486 2577 1573 2627 cl.
1614 2579 1926 2642 stellata,

45 2656 101 2695 et
136 2644 301 2696 thallo
340 2646 557 2696 omnino
612 2659 773 2696 caret.
857 2646 1120 2696 Lichen
1182 2647 1655 2698 candelabrum
1708 2667 1926 2718 quoque

43 2733 72 2764 a
121 2718 338 2780 Boryo
393 2715 427 2764 l.
484 2733 530 2766 c.
582 2717 781 2767 dicitur
832 2715 1332 2775 albo-flavescens,
1384 2717 1548 2766 thallo
1603 2720 1926 2788 scyphisque

38 2784 326 2835 destitutus
365 2797 419 2835 et
454 2786 689 2853 podetiis
729 2789 1002 2854 praeditus
1043 2787 1523 2846 adscendentibus,
1564 2788 1758 2856 quibus
1809 2808 1926 2840 om-

37 2855 168 2905 nino
208 2873 324 2905 cum
363 2869 543 2906 nostra
583 2859 867 2919 convenit,
910 2870 963 2907 et
999 2858 1062 2906 ad
1100 2858 1329 2925 plantam
1365 2857 1735 2910 Schaereri
1771 2877 1925 2911 acce-

40 2924 118 2976 dit
135 2962 149 2989 ,
204 2943 232 2976 a
271 2927 331 2978 C.
364 2944 398 2994 p
415 2945 442 2976 a
459 2945 486 2976 r
502 2945 530 2977 e
548 2944 575 2977 c
591 2928 626 2976 h
643 2947 670 2978 a
709 2946 837 2980 vero
881 2930 1151 2979 abhorret.

466 3068 506 3111 8·
574 3075 965 3112 GLADONIA
1052 3075 1489 3114 GORGonnA.

175 3178 255 3230 Cl.
302 3179 537 3245 podetiis
576 3179 772 3231 erectis
810 3181 1034 3231 ramosis
1065 3181 1264 3247 glabris
1295 3180 1915 3232 albido-cinerascenti-

27 3249 127 3299 bus
165 3248 375 3299 demum
425 3249 844 3315 pallido-rufis,
898 3252 1219 3301 ramulorum
1269 3263 1626 3301 extremorum
1672 3252 1913 3320 apicibus

30 3318 539 3380 stellato-dentatis,
581 3322 781 3389 centris
821 3322 1099 3390 axillisque
1138 3321 1543 3388 subperforatis.

170 3402 503 3453 Coralloides
542 3405 840 3471 Gorgonia,
882 3402 1042 3472 Bory·
1079 3401 1150 3452 St·
1208 3404 1439 3455 Vincent.
1479 3403 1609 3468 (fide
1636 3402 1905 3466 Florkei).

168 3473 424 3522 Cladonia
459 3485 772 3541 aggregata,
813 3472 1044 3537 Έῖόνίεε,
1084 3483 1363 3524 comment.
1399 3492 1562 3537 nova.
1593 3493 1650 3541 p.
1691 3493 1766 3540 ¹7·
1804 3492 1906 3541 pro

236 3553 418 3609 parte3
458 3572 524 3581 —
584 3560 686 3595 nec
723 3542 969 3610 Swartz,
1009 3561 1107 3596 nec
1145 3544 1350 3595 Achar.
1386 3542 1716 3611 Lichenogr.
1756 3543 1902 3596 univ.
