2163 3852
698 144 909 194 Aram.
986 143 1327 195 Saneassom.
1891 155 1961 207 47

217 292 402 346 Affine
442 296 495 345 S.
533 291 842 362 vulgaris
882 294 1127 346 varietati
1163 297 1723 366 acanthocarpo,
1781 302 1836 351 S.
1874 302 1961 352 la-

79 364 328 417 tifolio
369 375 422 414 et
461 364 514 412 S.
556 363 907 416 ilicifolio
935 366 1050 415 =sed
1087 366 1152 415 ab
1190 368 1437 419 omnihus
1476 381 1720 419 sructura
1757 370 1963 421 frondis

77 447 132 487 et
161 435 417 487 foliorum
449 432 738 486 diversum.

215 521 280 572 In
321 522 502 571 liltore
535 519 811 574 Brasillae
841 523 985 573 inter
1021 518 1486 593 Sebastlanopolin
1534 537 1583 578 et
1621 525 1959 594 Soteropolin

75 593 275 643 delexit
325 590 439 643 Ser.
489 589 672 645 Princ.
714 592 1148 644 IVlaximiliauus
1199 595 1536 663 PW'edensis;
1590 598 1657 654 cl.
1694 597 1964 650 Solu-ader

74 662 504 714 communicavit.

376 781 417 821 ὅ.
486 782 928 822 SARGASSUM
982 784 1606 824 STENOPHYLLUM.
1637 782 1667 834 †

213 863 263 912 S.
301 859 495 910 fronde
527 879 554 909 a
597 861 713 911 basi
746 880 953 913 ramosa
989 861 1243 923 flaccida,
1317 866 1466 916 caule
1512 868 1962 935 angulato-com-

73 930 442 998 pressiusculo
485 932 653 993 laevi,
722 934 939 983 ramulis
981 952 1187 984 sursum
1226 933 1593 988 decrescendo
1642 939 1959 1000 minoribuS,

74 1001 226 1050 foliis
271 1000 567 1050 linearibus
613 1002 732 1053 basi
779 1005 1018 1057 cuneatis
1071 1006 1417 1057 acutiusculis
1461 1008 1827 1076 integerrimis
1877 1009 1963 1060 vel

73 1071 329 1121 undulato
360 1072 850 1124 -subdenticulatis
900 1077 1140 1127 obsolele
1194 1079 1441 1143 porosis,
1496 1079 1749 1131 vesiculis
1804 1080 1963 1148 longe

73 1141 409 1209 pedicellatis
457 1143 635 1207 parcis
674 1143 945 1211 globosis,
1026 1148 1329 1214 sporangiis
1371 1149 1626 1200 torulosis
1669 1151 1961 1201 racemosis

70 1211 157 1262 vel
203 1212 763 1281 cymoso-fastigiatis
821 1215 970 1267 foliis
1014 1218 1357 1270 intermixtis.
1430 1217 1616 1270 Mart.
1658 1216 1739 1269 Ic.
1777 1219 1958 1270 select.

72 1278 268 1350 Crypt.
300 1285 339 1331 ίρ
370 1284 421 1333 5.

206 1372 385 1421 Fucus
419 1371 818 1439 stenophyllus,
867 1369 1045 1424 Mert.
1085 1373 1139 1424 in
1179 1373 1282 1426 litt.

173 1459 403 1509 Basis:
441 1459 605 1510 callus
637 1478 864 1522 crassus,
905 1461 1107 1523 fuscus,
1152 1465 1390 1525 conicus,
1432 1465 1675 1517 caules
1709 1467 1963 1519 emittens

68 1528 253 1596 plures
297 1528 517 1594 pedales
574 1541 629 1579 et
678 1533 1083 1598 sesquipedales
1140 1535 1961 1604 angulato—compressiusculos

71 1600 248 1650 laeves
282 1598 511 1649 obscure
542 1599 725 1650 fuscos
755 1602 1002 1653 siccitate
1044 1603 1405 1672 nigricantes‚
1475 1607 1581 1655 ima
1611 1607 1725 1657 basi
1758 1609 1962 1660 divisos

71 1668 159 1720 vel
189 1687 313 1719 raro
349 1670 623 1736 simplices
652 1683 833 1722 rectos
864 1684 951 1722 aut
994 1673 1140 1723 inter
1172 1676 1406 1726 ramulos
1452 1677 1707 1746 anguloso
1727 1677 1953 1731 -flexoS.

67 1739 342 1791 Ramuli
389 1739 620 1790 foliiferi
663 1742 882 1799 alterni,
926 1743 1265 1811 longitudine
1309 1765 1516 1797 sursum
1554 1749 1954 1813 decrescentes,

69 1810 324 1878 angulati.
398 1811 594 1862 Folia
630 1813 882 1872 linearia,
922 1815 1181 1881 pollicem
1217 1828 1272 1867 et
1305 1819 1746 1887 sesquipollicem
1776 1820 1957 1889 longa,

68 1898 211 1932 nunc
239 1880 435 1930 lineam
466 1901 622 1933 unam
658 1902 798 1935 nunc
830 1884 959 1934 duas
1003 1897 1184 1937 tresve
1229 1887 1359 1949 lata,
1429 1889 1487 1937 in
1528 1890 1804 1941 sterilibus
1845 1893 1961 1958 ple-

67 1968 295 2021 rumque
329 1952 550 2016 latiora,
625 1972 812 2004 versus
856 1955 1010 2005 basin
1048 1969 1630 2022 cuneato·attenuata,
1703 1962 1857 2029 apice
1902 1962 1960 2012 in

69 2038 291 2073 acumen
318 2023 561 2075 breviter
580 2025 965 2091 pyramidatum
990 2027 1310 2090 desinentia,
1348 2029 1433 2080 vel
1460 2033 1776 2084 mucronulo
1803 2031 1960 2085 brevi

70 2110 101 2144 e
131 2110 300 2144 nervo
348 2111 448 2162 per
491 2095 730 2145 medium
762 2096 1087 2148 decurrente
1128 2099 1397 2166 producto
1442 2101 1730 2164 instructa,
1805 2102 1958 2170 poris

66 2162 337 2213 mucissuis
375 2165 663 2216 subtilibus
689 2178 938 2233 pertusa,
978 2171 1222 2237 margine
1250 2171 1601 2239 integerrima
1638 2185 1726 2223 aut
1760 2174 1962 2240 passim

67 2233 344 2285 denticulo
374 2252 481 2285 uno
513 2235 749 2287 alterove
781 2237 1043 2304 praedita,
1075 2241 1336 2310 pleraque
1369 2242 1426 2290 in
1457 2243 1677 2292 ramulis
1699 2244 1960 2295 subalter-

66 2305 234 2354 natim
267 2322 476 2372 sparsa,
526 2306 781 2355 nonnulla
822 2308 879 2356 in
924 2320 1077 2374 parte
1117 2309 1384 2361 inferiore
1430 2329 1796 2374 racemorum,
1856 2314 1959 2364 alia

68 2375 269 2442 passim
321 2373 514 2435 bifida,
592 2375 808 2426 laciniis
857 2377 1144 2431 similibus,
1248 2381 1621 2436 Vesiculae
1679 2384 1953 2451 globosae,

67 2445 435 2513 magnitudine
475 2445 691 2495 seminis
729 2448 950 2510 Lentis,
1000 2450 1267 2511 rariores,
1325 2452 1644 2521 plerumque
1683 2454 1958 2506 solitariae

69 2532 284 2582 sparsae
338 2517 393 2566 in
437 2516 549 2565 basi
593 2533 959 2578 racemorum,
1027 2519 1313 2585 pedicellis
1356 2525 1681 2590 compressis
1723 2543 1956 2591 superne

67 2585 316 2637 nonnihil
358 2587 667 2637 incrassatis
715 2588 844 2638 duas
883 2590 949 2638 ad
990 2601 1219 2657 quatuor
1252 2591 1421 2641 lineas
1462 2595 1636 2661 longis
1685 2594 1955 2647 suffultae.

71 2657 464 2724 Sporangia
501 2658 556 2706 in
601 2659 888 2725 superiore
932 2658 1141 2710 frondis
1179 2673 1332 2728 parte
1372 2663 1642 2725 axillaria,
1702 2667 1957 2733 pedun-

71 2726 251 2777 culis
289 2727 512 2778 circiler
547 2728 741 2778 lineam
779 2730 957 2797 longis
995 2729 1240 2793 suffulta,
1311 2733 1573 2800 disposita
1619 2736 1674 2784 in
1711 2752 1955 2787 racemos

66 2813 208 2846 nunc
251 2795 444 2846 bifidos
485 2809 644 2867 atque
693 2800 985 2866 pedicellis⁸
1028 2803 1334 2871 aggregatis
1380 2804 1759 2869 subcymosos,
1812 2825 1954 2858 nunc

67 2867 235 2935 magis
261 2867 537 2935 elongatos
560 2881 719 2936 atque
753 2870 1204 2936 subpaniculatos‚
1242 2874 1528 2940 pedicel
1547 2876 1594 2924 li
1613 2896 1635 2926 s
1671 2877 1956 2940 brevibus3

69 2937 277 3005 singula
305 2955 461 2986 unam
492 2940 558 2988 ad
589 2951 818 3008 quatuor
845 2942 1041 2990 lineam
1068 2942 1256 3010 longa,
1315 2945 1608 3010 cylindrica
1628 2984 1640 3005 ,
1697 2948 1954 3009 torulosa,

68 3019 251 3065 acuta,
291 3002 561 3057 interdum
601 3010 752 3077 apice
777 3010 956 3061 bifida.
1057 3012 1361 3063 Tubercula
1394 3032 1550 3065 muco
1581 3034 1753 3084 pauco
1787 3020 1957 3086 turgi-

48 3077 160 3136 da,
213 3077 268 3126 in
302 3095 408 3146 quo
443 3081 726 3147 gongyli
770 3082 888 3131 seni
935 3082 1021 3131 vel
1067 3084 1248 3135 octoni
1290 3085 1603 3153 subglobosi
1647 3088 1730 3137 vel
1771 3101 1949 3139 ovato·

65 3147 280 3216 globosi
313 3148 529 3197 obscuri
563 3150 762 3200 coloris
788 3152 1018 3219 gelatina
1045 3155 1320 3204 teneriore
1350 3156 1599 3207 obvoluta
1629 3158 1952 3209 nidulantur.

273 3220 502 3268 Formae
528 3219 684 3286 hujus
715 3223 920 3288 speciei
944 3224 1324 3275 memorabiles
1351 3238 1501 3276 sunt:

207 3288 264 3338 S.
301 3289 847 3357 stenophyllum,
905 3309 1275 3357 eymosum,
1329 3297 1548 3347 ramulis
1587 3316 1796 3348 sursum
1829 3299 1949 3349 sul»-

64 3357 815 3423 pyramidato-brevioribus‚
852 3362 998 3413 foliis
1028 3364 1385 3416 inferioribus
1418 3379 1506 3417 aut
1536 3369 1764 3418 caulium
1795 3369 1951 3418 steri·

63 3426 197 3476 lium
227 3427 813 3494 lineari-lanceolatis,
880 3434 1255 3502 superioribus
1289 3438 1528 3505 angustis
1566 3438 1948 3505 ligulaeformi—

65 3496 200 3560 bus,
236 3500 538 3568 sporangiis
568 3499 748 3552 bifidis
782 3516 870 3554 aut
899 3504 1222 3556 dichotomis
1254 3508 1461 3558 crebris
1496 3508 1904 3577 subfastigiatis.

204 3587 516 3658 Sargassum
550 3606 849 3658 cymosum‚
888 3592 1002 3662 Ag.
1031 3589 1183 3663 Spec.
1212 3591 1262 3646 I.
1296 3611 1379 3646 20.
1421 3592 1567 3663 Syst.
1601 3594 1722 3647 300.
