2163 3852
149 155 220 208 78
799 149 1104 200 Licnnxns.
1142 149 1416 202 Gnnms.

282 303 387 354 Gr.
426 317 458 353 v
473 315 504 351 e
521 313 553 350 n
570 315 603 351 o
619 317 643 350 s
659 317 685 349 a
703 335 718 361 ‚
758 297 871 350 elo
887 318 922 350 n
939 319 974 369 g
990 319 1017 352 a
1033 311 1056 352 t
1071 319 1098 351 a
1114 318 1130 365 3
1162 301 1194 356 l·
1242 312 1420 352 crusta
1445 299 1595 353 tenui
1628 298 2040 372 laminoso-pul-

143 372 420 424 verulenta
469 371 587 420 alba
630 369 980 421 nitidiuscula
1028 370 1538 436 rimato-limitata,
1577 373 1881 439 apotheciis
1919 375 2038 425 lon-

143 444 381 512 gissimis
409 440 665 491 flexuosis
701 455 822 489 cum
849 442 1091 509 margine
1125 441 1362 492 thallode
1392 443 1690 493 incrassato
1729 444 2040 510 prominen-

141 514 288 566 tibus
306 551 320 575 ‚
361 512 513 562 disco
542 511 754 559 demum
789 511 950 579 plano
969 543 990 551 -
1010 512 1361 564 canaliculato
1393 514 1572 581 nigro.
1840 530 1850 533 ’

283 599 538 680 Quamvis
558 600 852 665 specimina
878 618 1013 670 quae
1036 604 1228 652 adsunt
1249 600 1401 667 plura
1432 621 1459 650 a
1479 600 1840 668 praecedente
1860 600 2037 669 quoad

141 671 551 742 apotheciorum
573 669 802 721 formam
823 684 1130 722 constanter
1151 671 1405 721 differant
1423 707 1436 730 ‚
1475 671 1543 722 ob
1580 670 1824 721 habitum
1839 681 2037 735 tamen,

140 744 359 795 thallum
395 751 451 790 et
480 751 803 790 structuram
832 742 1146 793 consimiles
1175 743 1263 793 vix
1279 741 1500 809 propria
1523 742 1735 808 species
1756 741 2039 792 censenda.

143 811 442 881 Apothecia
462 811 631 861 multo
653 811 868 878 majora,
906 813 1083 862 minus
1112 812 1358 862 conserta
1375 849 1387 872 ‚
1429 827 1549 861 cum
1576 811 1817 878 margine
1843 811 2038 862 latiore

144 897 200 936 et
227 883 492 934 crassiore
524 882 690 950 magis
716 883 1019 948 prominula
1040 919 1052 942 ‚
1091 882 1304 948 juniora
1336 881 1828 949 subpulverulenta‚
1861 881 2041 933 adulta

141 967 253 1006 atra
278 952 482 1013 nitida,
523 951 675 1001 disco
706 952 922 1003 latiore.
995 953 1211 1003 Thecae
1246 963 1469 1020 anguste
1504 951 1850 1018 cylindricae.

291 1039 493 1090 Crescit
544 1033 778 1103 confinis
808 1041 1186 1107 praecedenti,
1269 1039 1606 1092 Verrucariis
1673 1036 2033 1088 ochroleucae

139 1122 192 1164 et
221 1109 656 1188 circumscissae‚·
685 1108 950 1178 Graphidi
980 1110 1297 1161 isabellinae
1337 1120 1388 1161 et
1407 1108 1680 1160 Lecideae
1719 1126 2041 1171 parasemae

145 1202 263 1235 var.
295 1176 674 1250 punctg'formz.

279 1270 528 1322 Adnot.
605 1268 906 1336 Apothecia
956 1269 1076 1319 lusu
1148 1268 1379 1339 quodam
1427 1281 1646 1320 naturae
1696 1268 1754 1318 in
1801 1268 2036 1320 licheni-

57 1330 72 1338 ’
137 1346 237 1397 bus
289 1359 399 1392 non
451 1351 557 1389 tam
608 1357 734 1390 raro
789 1340 845 1389 in
895 1339 1170 1393 Verruc
1191 1340 1377 1390 ariae
1427 1339 1593 1390 thallo
1647 1337 1855 1390 confine
1907 1339 2037 1390 och·

134 1416 360 1467 roleuco
400 1410 684 1478 parasitica
720 1409 1115 1474 observantur,
1156 1411 1398 1477 margine
1425 1410 1641 1478 quidem
1664 1427 1878 1477 semper
1895 1409 2034 1460 thal-

138 1486 265 1537 lode
320 1482 441 1532 albo
494 1481 784 1548 marginata
833 1490 885 1530 et
932 1479 1082 1530 disco
1134 1480 1778 1546 alhidompulverulento,
1819 1491 1879 1529 ut
1916 1496 2038 1530 cre·

138 1557 269 1607 dere
290 1552 482 1619 possis,
522 1550 805 1617 apothecia
822 1552 1094 1619 tugurium
1113 1551 1395 1619 proprium
1425 1551 1747 1618 imposuisse
1776 1550 2035 1600 vicinam·

138 1643 243 1696 que
263 1625 467 1692 plagam
492 1621 866 1687 usurpavisse3
906 1640 1066 1690 quum
1084 1639 1211 1672 vero
1231 1621 1453 1671 nucleus
1476 1622 1686 1688 integer
1705 1619 2035 1687 albido-pul·

132 1695 447 1749 verule-ntus
487 1692 829 1741 sterilitatem
867 1692 1278 1757 apotheciorum
1340 1691 1570 1758 probat,
1644 1691 2026 1757 suspicandum

135 1767 351 1836 potius,
389 1763 610 1812 thallum
647 1762 808 1810 istum
845 1762 1203 1814 Verrucariae
1245 1761 1540 1828 apotheciis
1578 1760 1851 1827 juniorem
1890 1777 2030 1822 esse,

138 1835 543 1900 eorundemque
596 1831 816 1881 thallum
863 1831 1148 1898 proprium
1182 1849 1282 1900 per
1319 1832 1717 1882 successionem
1756 1831 2022 1882 obruisse.

137 1910 424 1960 Caeterum
461 1904 591 1951 haec
630 1902 936 1954 observatio
986 1913 1228 1952 naturam
1278 1902 1584 1970 specierum
1634 1919 1758 1951 mox
1796 1918 2029 1970 sequen·

135 1980 206 2031 tis
245 1974 524 2028 divisionis
562 1973 795 2022 illustrat
841 1984 1002 2041 atque
1052 1973 1324 2023 lichenum
1370 1973 1709 2039 tropicorum
1758 1972 2033 2039 polymor-

136 2049 317 2118 phiam
351 2059 403 2096 et
441 2042 820 2093 difficultatem
855 2042 1222 2107 demonstrat,
1277 2042 1335 2092 in
1386 2042 1473 2092 his
1526 2041 1733 2111 speciei
1769 2041 2031 2093 ambitum

138 2121 247 2172 rite
283 2114 701 2169 determinandi.

590 2307 634 2350 ⁷·
679 2314 1013 2355 GRAPHIS
1059 2312 1527 2352 ΤΕοΤῑῦΕΒΑ.
1572 2304 1606 2358 {⁴

279 2431 377 2483 Gr.
417 2439 597 2480 crusta
630 2427 1356 2480 laminoso-membranacea
1408 2426 1756 2478 nitidiuscula
1808 2442 2035 2478 carneo-

141 2501 509 2558 suscescente‚
555 2500 856 2566 apotheciis
894 2498 1242 2566 planiusculis
1291 2498 1486 2547 innatis
1544 2497 1803 2565 ellipticis
1842 2515 2035 2566 aequa·

136 2573 280 2622 libus
318 2570 558 2621 seriatim
594 2569 989 2632 concatenatis,
1041 2568 1253 2617 demum
1291 2568 1702 2634 prosilientibus
1725 2603 1737 2627 ‚
1789 2567 2032 2635 perithe-

137 2643 226 2693 cio
265 2657 462 2707 supero
499 2658 527 2688 a
563 2640 754 2689 nucleo
792 2639 940 2689 tenui
980 2639 1294 2707 angustiore
1334 2636 1565 2690 distante
1589 2675 1602 2702 ,
1642 2638 1796 2690 disco
1831 2638 2030 2689 rimae·

137 2712 332 2771 sormi,
371 2709 614 2778 margine
652 2708 888 2759 thallode
925 2709 1090 2759 nullo.

278 2797 429 2848 Icon.
466 2795 560 2846 sel.
601 2804 858 2866 cryptog.
897 2795 1007 2848 tab.
1056 2817 1100 2848 1.
1125 2791 1237 2865 fig.
1276 2805 1324 2860 4.

277 2886 496 2938 Thallus
547 2898 857 2937 crustaceus
925 2886 1343 2948 crassiusculus‚
1391 2886 1449 2936 in
1499 2883 1619 2935 aliis
1666 2883 2034 2954 pallide-car·

143 2975 278 3009 neus
316 2957 373 3007 in
401 2956 520 3006 aliis
559 2957 1307 3025 pallide-susco-virescens‚
1342 2955 2032 3025 nigro-limitatussetiam

139 3030 284 3079 intus
321 3027 624 3089 coloratu5‚
677 3037 735 3076 ut
782 3025 1013 3078 difficile
1065 3045 1093 3076 a
1143 3027 1365 3078 matrice
1404 3027 1719 3096 distinguas.
1791 3024 2029 3093 Apothe-

141 3100 225 3149 cia
261 3108 568 3149 constanter
604 3096 843 3157 eiusdem
880 3097 1290 3166 magnitudinis,
1340 3097 1608 3166 emptica,
1651 3098 1928 3148 dimidiam
1962 3095 2030 3145 li·

140 3185 297 3219 neam
347 3169 544 3236 longa,
615 3167 904 3235 depressa,
965 3169 1446 3236 plano-convexa,
1498 3169 1652 3235 plura
1699 3168 1757 3217 in
1802 3164 2030 3216 lineolas

146 3237 411 3290 flexuosas
462 3254 698 3288 ramosas
767 3238 1006 3289 seriatim
1073 3250 1451 3299 concatenata,
1504 3238 1632 3288 hinc
1675 3235 1820 3288 nudo
1872 3234 2033 3286 oculo

142 3307 425 3377 apothecia
461 3307 957 3377 lineari-elongata
983 3307 1261 3359 articulata
1291 3308 1635 3377 apparentia,
1673 3307 1763 3359 vix
1797 3323 2032 3375 unquam

145 3378 416 3438 solitaria,
472 3377 685 3443 juniora
731 3396 759 3426 a
805 3377 957 3428 thalli
1008 3389 1175 3429 strato
1214 3378 1460 3430 corticali
1532 3377 1847 3429 tenuissimo
1901 3376 2030 3441 hya-

140 3449 252 3499 lino
289 3447 463 3497 nitido
502 3447 714 3497 demum
750 3447 978 3499 evanido
1030 3447 1202 3519 (quod
1257 3450 1312 3498 in
1362 3465 1565 3518 genere
1600 3447 1826 3515 analogo
1862 3447 2032 3499 Ver-

143 3519 474 3569 rucariae
526 3517 738 3584 saepius
794 3519 1053 3580 occurrit)
1103 3518 1346 3581 obtecta,
1403 3518 1617 3569 tandem
1663 3515 2024 3584 prosilientia,

143 3589 373 3642 foveolis
410 3588 467 3638 in
515 3587 683 3642 thallo
736 3589 964 3641 ramosis
1013 3588 1310 3642 articulatis
1358 3588 1586 3641 relictis.
1658 3585 2028 3641 Perithecium
