<?xml version="1.0" encoding="UTF-8"?>
<!DOCTYPE html PUBLIC "-//W3C//DTD XHTML 1.0 Transitional//EN"
    "http://www.w3.org/TR/xhtml1/DTD/xhtml1-transitional.dtd">
<html xmlns="http://www.w3.org/1999/xhtml" xml:lang="en" lang="en">
 <head>
  <title>
</title>
<meta http-equiv="Content-Type" content="text/html;charset=utf-8" />
  <meta name='ocr-system' content='tesseract 3.04.00' />
  <meta name='ocr-capabilities' content='ocr_page ocr_carea ocr_par ocr_line ocrx_word'/>
</head>
<body>
  <div class='ocr_page' id='page_1' title='image "./florabrasiliensi01mart_0122.png"; bbox 0 0 2163 3852; ppageno 0'>
   <div class='ocr_carea' id='block_1_1' title="bbox 211 89 1491 156">
    <p class='ocr_par' dir='ltr' id='par_1_1' title="bbox 211 89 1491 156">
     <span class='ocr_line' id='line_1_1' title="bbox 211 89 1491 156; baseline -0.009 -1"><span class='ocrx_word' id='word_1_1' title='bbox 211 93 320 156; x_wconf 67' lang='lat'><strong>219</strong></span> <span class='ocrx_word' id='word_1_2' title='bbox 799 89 1108 145; x_wconf 68' lang='lat' dir='ltr'><strong>hennum.</strong></span> <span class='ocrx_word' id='word_1_3' title='bbox 1178 90 1491 145; x_wconf 65' lang='lat' dir='ltr'><strong>amoma</strong></span> 
     </span>
    </p>
   </div>
   <div class='ocr_carea' id='block_1_2' title="bbox 209 239 2094 1220">
    <p class='ocr_par' dir='ltr' id='par_1_2' title="bbox 209 239 2094 1220">
     <span class='ocr_line' id='line_1_2' title="bbox 210 239 2085 309; baseline -0.002 -13"><span class='ocrx_word' id='word_1_4' title='bbox 210 242 434 296; x_wconf 87' lang='lat' dir='ltr'><strong>dubium</strong></span> <span class='ocrx_word' id='word_1_5' title='bbox 469 256 626 302; x_wconf 81' lang='lat' dir='ltr'><strong>esse,</strong></span> <span class='ocrx_word' id='word_1_6' title='bbox 677 257 787 293; x_wconf 88' lang='lat' dir='ltr'><strong>non</strong></span> <span class='ocrx_word' id='word_1_7' title='bbox 836 251 1042 292; x_wconf 82' lang='lat' dir='ltr'><strong>tantum</strong></span> <span class='ocrx_word' id='word_1_8' title='bbox 1089 239 1160 292; x_wconf 88' lang='lat' dir='ltr'><strong>ob</strong></span> <span class='ocrx_word' id='word_1_9' title='bbox 1207 240 1412 293; x_wconf 80' lang='lat' dir='ltr'><strong>similes</strong></span> <span class='ocrx_word' id='word_1_10' title='bbox 1448 257 1702 295; x_wconf 82' lang='lat' dir='ltr'><strong>verrucas</strong></span> <span class='ocrx_word' id='word_1_11' title='bbox 1745 239 2085 309; x_wconf 79' lang='lat' dir='ltr'><strong>maculasque</strong></span> 
     </span>
     <span class='ocr_line' id='line_1_3' title="bbox 214 309 2086 380; baseline -0.002 -16"><span class='ocrx_word' id='word_1_12' title='bbox 214 314 274 364; x_wconf 88' lang='lat' dir='ltr'><strong>in</strong></span> <span class='ocrx_word' id='word_1_13' title='bbox 315 311 626 366; x_wconf 78' lang='lat' dir='ltr'><strong>domesticis</strong></span> <span class='ocrx_word' id='word_1_14' title='bbox 668 328 770 378; x_wconf 87' lang='lat' dir='ltr'><strong>pro</strong></span> <span class='ocrx_word' id='word_1_15' title='bbox 818 309 1304 380; x_wconf 84' lang='lat' dir='ltr'><strong>Graphidibns</strong></span> <span class='ocrx_word' id='word_1_16' title='bbox 1352 314 1670 363; x_wconf 81' lang='lat' dir='ltr'><strong>monstrosis</strong></span> <span class='ocrx_word' id='word_1_17' title='bbox 1725 310 1938 371; x_wconf 77' lang='lat' dir='ltr'><strong>obvias,</strong></span> <span class='ocrx_word' id='word_1_18' title='bbox 1990 309 2086 361; x_wconf 87' lang='lat' dir='ltr'><strong>sed</strong></span> 
     </span>
     <span class='ocr_line' id='line_1_4' title="bbox 214 379 2088 451; baseline -0.002 -16"><span class='ocrx_word' id='word_1_19' title='bbox 214 384 374 436; x_wconf 88' lang='lat' dir='ltr'><strong>etiam</strong></span> <span class='ocrx_word' id='word_1_20' title='bbox 409 383 477 434; x_wconf 89' lang='lat' dir='ltr'><strong>ob</strong></span> <span class='ocrx_word' id='word_1_21' title='bbox 505 381 732 433; x_wconf 83' lang='lat' dir='ltr'><strong>formam</strong></span> <span class='ocrx_word' id='word_1_22' title='bbox 764 381 1118 451; x_wconf 81' lang='lat' dir='ltr'><strong>irregularem</strong></span> <span class='ocrx_word' id='word_1_23' title='bbox 1149 391 1205 432; x_wconf 89' lang='lat' dir='ltr'><strong>et</strong></span> <span class='ocrx_word' id='word_1_24' title='bbox 1233 391 1468 432; x_wconf 75' lang='lat' dir='ltr'><strong>structui</strong></span> <span class='ocrx_word' id='word_1_25' title='bbox 1469 400 1551 432; x_wconf 91' lang='lat' dir='ltr'><strong>am</strong></span> <span class='ocrx_word' id='word_1_26' title='bbox 1589 379 1957 431; x_wconf 87' lang='lat' dir='ltr'><strong>Liehenibus&#39;</strong></span> <span class='ocrx_word' id='word_1_27' title='bbox 1942 396 2088 431; x_wconf 79' lang='lat' dir='ltr'><strong>inso-</strong></span> 
     </span>
     <span class='ocr_line' id='line_1_5' title="bbox 212 450 2088 520; baseline -0.003 -15"><span class='ocrx_word' id='word_1_28' title='bbox 212 454 393 514; x_wconf 79' lang='lat' dir='ltr'><strong>litam,</strong></span> <span class='ocrx_word' id='word_1_29' title='bbox 433 469 562 520; x_wconf 85' lang='lat' dir='ltr'><strong>quas</strong></span> <span class='ocrx_word' id='word_1_30' title='bbox 596 466 883 519; x_wconf 87' lang='lat' dir='ltr'><strong>sanequam</strong></span> <span class='ocrx_word' id='word_1_31' title='bbox 910 451 1072 502; x_wconf 80' lang='lat' dir='ltr'><strong>facile</strong></span> <span class='ocrx_word' id='word_1_32' title='bbox 1106 467 1136 501; x_wconf 93' lang='lat' dir='ltr'><strong>e</strong></span> <span class='ocrx_word' id='word_1_33' title='bbox 1176 452 1515 517; x_wconf 82' lang='lat' dir='ltr'><strong>vegetatione</strong></span> <span class='ocrx_word' id='word_1_34' title='bbox 1559 451 1802 501; x_wconf 81' lang='lat' dir='ltr'><strong>abn01m1</strong></span> <span class='ocrx_word' id='word_1_35' title='bbox 1836 450 2088 509; x_wconf 78' lang='lat' dir='ltr'>deduces,</span> 
     </span>
     <span class='ocr_line' id='line_1_6' title="bbox 213 519 2093 589; baseline -0.003 -16"><span class='ocrx_word' id='word_1_36' title='bbox 213 526 260 573; x_wconf 88' lang='lat' dir='ltr'><strong>si</strong></span> <span class='ocrx_word' id='word_1_37' title='bbox 292 540 412 573; x_wconf 90' lang='lat' dir='ltr'><strong>cum</strong></span> <span class='ocrx_word' id='word_1_38' title='bbox 458 520 868 571; x_wconf 73' lang='lat' dir='ltr'><strong>deformationis</strong></span> <span class='ocrx_word' id='word_1_39' title='bbox 908 537 1199 589; x_wconf 84' lang='lat' dir='ltr'><strong>progressu</strong></span> <span class='ocrx_word' id='word_1_40' title='bbox 1244 533 1559 571; x_wconf 83' lang='lat' dir='ltr'><strong>structuram</strong></span> <span class='ocrx_word' id='word_1_41' title='bbox 1607 521 1765 571; x_wconf 91' lang='lat' dir='ltr'><strong>modo</strong></span> <span class='ocrx_word' id='word_1_42' title='bbox 1806 520 1969 570; x_wconf 88' lang='lat' dir='ltr'><strong>citato</strong></span> <span class='ocrx_word' id='word_1_43' title='bbox 1995 519 2093 568; x_wconf 91' lang='lat' dir='ltr'><strong>im·</strong></span> 
     </span>
     <span class='ocr_line' id='line_1_7' title="bbox 213 588 2089 658; baseline -0.004 -14"><span class='ocrx_word' id='word_1_44' title='bbox 213 603 465 644; x_wconf 88' lang='lat' dir='ltr'><strong>mutatam</strong></span> <span class='ocrx_word' id='word_1_45' title='bbox 492 591 895 654; x_wconf 80' lang='lat' dir='ltr'><strong>observaveris3</strong></span> <span class='ocrx_word' id='word_1_46' title='bbox 933 607 1109 658; x_wconf 90' lang='lat' dir='ltr'><strong>neque</strong></span> <span class='ocrx_word' id='word_1_47' title='bbox 1148 608 1256 641; x_wconf 91' lang='lat' dir='ltr'><strong>non</strong></span> <span class='ocrx_word' id='word_1_48' title='bbox 1301 591 1535 642; x_wconf 86' lang='lat' dir='ltr'><strong>desunt</strong></span> <span class='ocrx_word' id='word_1_49' title='bbox 1521 609 1576 640; x_wconf 77' lang='lat' dir='ltr'><strong>in</strong></span> <span class='ocrx_word' id='word_1_50' title='bbox 1604 590 1805 640; x_wconf 81' lang='lat' dir='ltr'><strong>nostris</strong></span> <span class='ocrx_word' id='word_1_51' title='bbox 1840 588 2089 656; x_wconf 85' lang='lat' dir='ltr'><strong>specimi-</strong></span> 
     </span>
     <span class='ocr_line' id='line_1_8' title="bbox 213 657 2092 728; baseline -0.003 -15"><span class='ocrx_word' id='word_1_52' title='bbox 213 663 373 713; x_wconf 87' lang='lat' dir='ltr'><strong>nibus</strong></span> <span class='ocrx_word' id='word_1_53' title='bbox 398 662 626 728; x_wconf 84' lang='lat' dir='ltr'><strong>tropicis</strong></span> <span class='ocrx_word' id='word_1_54' title='bbox 657 660 856 711; x_wconf 88' lang='lat' dir='ltr'><strong>indicia</strong></span> <span class='ocrx_word' id='word_1_55' title='bbox 888 678 951 710; x_wconf 84' lang='lat' dir='ltr'><strong>ex</strong></span> <span class='ocrx_word' id='word_1_56' title='bbox 983 660 1134 710; x_wconf 87' lang='lat' dir='ltr'><strong>thalli</strong></span> <span class='ocrx_word' id='word_1_57' title='bbox 1169 660 1480 722; x_wconf 86' lang='lat' dir='ltr'><strong>identitate,</strong></span> <span class='ocrx_word' id='word_1_58' title='bbox 1520 661 1581 710; x_wconf 91' lang='lat' dir='ltr'><strong>ad</strong></span> <span class='ocrx_word' id='word_1_59' title='bbox 1617 659 1985 726; x_wconf 83' lang='lat' dir='ltr'><strong>suspicandam</strong></span> <span class='ocrx_word' id='word_1_60' title='bbox 2015 657 2092 708; x_wconf 86' lang='lat' dir='ltr'><strong>af-</strong></span> 
     </span>
     <span class='ocr_line' id='line_1_9' title="bbox 213 728 2091 796; baseline -0.002 -15"><span class='ocrx_word' id='word_1_61' title='bbox 213 731 473 782; x_wconf 86' lang='lat' dir='ltr'><strong>finitatem</strong></span> <span class='ocrx_word' id='word_1_62' title='bbox 514 731 805 781; x_wconf 73' lang='lat' dir='ltr'><strong>formatum</strong></span> <span class='ocrx_word' id='word_1_63' title='bbox 858 729 1328 781; x_wconf 85' lang='lat' dir='ltr'><strong>describendarum</strong></span> <span class='ocrx_word' id='word_1_64' title='bbox 1369 748 1488 780; x_wconf 91' lang='lat' dir='ltr'><strong>cum</strong></span> <span class='ocrx_word' id='word_1_65' title='bbox 1532 728 1958 796; x_wconf 85' lang='lat' dir='ltr'><strong>Graphideis</strong></span> <span class='ocrx_word' id='word_1_66' title='bbox 1996 744 2091 778; x_wconf 89' lang='lat' dir='ltr'><strong>eo-</strong></span> 
     </span>
     <span class='ocr_line' id='line_1_10' title="bbox 209 799 2092 870; baseline -0.004 -16"><span class='ocrx_word' id='word_1_67' title='bbox 209 802 436 855; x_wconf 82' lang='lat' dir='ltr'><strong>rundem</strong></span> <span class='ocrx_word' id='word_1_68' title='bbox 467 802 724 851; x_wconf 80' lang='lat' dir='ltr'><strong>coiticum</strong></span> <span class='ocrx_word' id='word_1_69' title='bbox 755 801 979 863; x_wconf 89' lang='lat' dir='ltr'><strong>incolis,</strong></span> <span class='ocrx_word' id='word_1_70' title='bbox 1020 799 1462 870; x_wconf 80' lang='lat' dir='ltr'><strong>quemadmodum</strong></span> <span class='ocrx_word' id='word_1_71' title='bbox 1490 802 1552 850; x_wconf 90' lang='lat' dir='ltr'><strong>ad</strong></span> <span class='ocrx_word' id='word_1_72' title='bbox 1577 819 1669 867; x_wconf 86' lang='lat' dir='ltr'><strong>spe</strong></span> <span class='ocrx_word' id='word_1_73' title='bbox 1675 802 1809 851; x_wconf 89' lang='lat' dir='ltr'><strong>ciem</strong></span> <span class='ocrx_word' id='word_1_74' title='bbox 1842 799 2092 848; x_wconf 82' lang='lat' dir='ltr'><strong>sormam·</strong></span> 
     </span>
     <span class='ocr_line' id='line_1_11' title="bbox 213 867 2092 940; baseline -0.003 -17"><span class='ocrx_word' id='word_1_75' title='bbox 213 889 280 926; x_wconf 79' lang='lat' dir='ltr'><strong>ve</strong></span> <span class='ocrx_word' id='word_1_76' title='bbox 309 873 545 940; x_wconf 84' lang='lat' dir='ltr'><strong>quamvis</strong></span> <span class='ocrx_word' id='word_1_77' title='bbox 588 871 961 921; x_wconf 81' lang='lat' dir='ltr'><strong>indicabimus.</strong></span> <span class='ocrx_word' id='word_1_78' title='bbox 1035 871 1116 922; x_wconf 73' lang='lat' dir='ltr'><strong>Ad</strong></span> <span class='ocrx_word' id='word_1_79' title='bbox 1158 871 1297 920; x_wconf 90' lang='lat' dir='ltr'><strong>hunc</strong></span> <span class='ocrx_word' id='word_1_80' title='bbox 1334 872 1493 921; x_wconf 90' lang='lat' dir='ltr'><strong>etiam</strong></span> <span class='ocrx_word' id='word_1_81' title='bbox 1533 870 1691 920; x_wconf 84' lang='lat' dir='ltr'><strong>finem</strong></span> <span class='ocrx_word' id='word_1_82' title='bbox 1724 869 1955 936; x_wconf 79' lang='lat' dir='ltr'><strong>cujusvis</strong></span> <span class='ocrx_word' id='word_1_83' title='bbox 1981 867 2092 918; x_wconf 86' lang='lat' dir='ltr'><strong>loci</strong></span> 
     </span>
     <span class='ocr_line' id='line_1_12' title="bbox 209 938 2089 1009; baseline -0.003 -17"><span class='ocrx_word' id='word_1_84' title='bbox 209 942 399 992; x_wconf 86' lang='lat' dir='ltr'><strong>natalis</strong></span> <span class='ocrx_word' id='word_1_85' title='bbox 428 942 626 992; x_wconf 87' lang='lat' dir='ltr'><strong>formas</strong></span> <span class='ocrx_word' id='word_1_86' title='bbox 656 942 883 990; x_wconf 83' lang='lat' dir='ltr'><strong>seorsim</strong></span> <span class='ocrx_word' id='word_1_87' title='bbox 913 941 1281 990; x_wconf 86' lang='lat' dir='ltr'><strong>describemus</strong></span> <span class='ocrx_word' id='word_1_88' title='bbox 1309 953 1564 1009; x_wconf 88' lang='lat' dir='ltr'><strong>notasque</strong></span> <span class='ocrx_word' id='word_1_89' title='bbox 1588 939 2006 1006; x_wconf 75' lang='lat' dir='ltr'><strong>micioscopicas</strong></span> <span class='ocrx_word' id='word_1_90' title='bbox 2033 938 2089 987; x_wconf 85' lang='lat' dir='ltr'><strong>in</strong></span> 
     </span>
     <span class='ocr_line' id='line_1_13' title="bbox 216 1007 2094 1082; baseline -0.003 -20"><span class='ocrx_word' id='word_1_91' title='bbox 216 1013 406 1082; x_wconf 81' lang='lat' dir='ltr'><strong>quovis</strong></span> <span class='ocrx_word' id='word_1_92' title='bbox 445 1011 570 1060; x_wconf 83' lang='lat' dir='ltr'><strong>satis</strong></span> <span class='ocrx_word' id='word_1_93' title='bbox 600 1009 836 1059; x_wconf 85' lang='lat' dir='ltr'><strong>diversas</strong></span> <span class='ocrx_word' id='word_1_94' title='bbox 873 1010 1258 1069; x_wconf 86' lang='lat' dir='ltr'><strong>indicabimus,</strong></span> <span class='ocrx_word' id='word_1_95' title='bbox 1299 1022 1354 1062; x_wconf 87' lang='lat' dir='ltr'><strong>et</strong></span> <span class='ocrx_word' id='word_1_96' title='bbox 1383 1029 1451 1061; x_wconf 90' lang='lat' dir='ltr'><strong>ne</strong></span> <span class='ocrx_word' id='word_1_97' title='bbox 1490 1012 1542 1060; x_wconf 91' lang='lat' dir='ltr'><strong>in</strong></span> <span class='ocrx_word' id='word_1_98' title='bbox 1580 1028 1641 1061; x_wconf 89' lang='lat' dir='ltr'><strong>re</strong></span> <span class='ocrx_word' id='word_1_99' title='bbox 1678 1010 1836 1060; x_wconf 85' lang='lat' dir='ltr'><strong>dubia</strong></span> <span class='ocrx_word' id='word_1_100' title='bbox 1877 1007 2094 1060; x_wconf 85' lang='lat' dir='ltr'><strong>nomina</strong></span> 
     </span>
     <span class='ocr_line' id='line_1_14' title="bbox 212 1077 2092 1149; baseline -0.003 -16"><span class='ocrx_word' id='word_1_101' title='bbox 212 1098 526 1149; x_wconf 79' lang='lat' dir='ltr'><strong>augeamus,</strong></span> <span class='ocrx_word' id='word_1_102' title='bbox 583 1079 792 1147; x_wconf 83' lang='lat' dir='ltr'><strong>priores</strong></span> <span class='ocrx_word' id='word_1_103' title='bbox 839 1080 1125 1146; x_wconf 87' lang='lat' dir='ltr'><strong>speciebus</strong></span> <span class='ocrx_word' id='word_1_104' title='bbox 1185 1081 1497 1131; x_wconf 83' lang='lat' dir='ltr'><strong>Acharianis</strong></span> <span class='ocrx_word' id='word_1_105' title='bbox 1548 1081 1811 1146; x_wconf 82' lang='lat' dir='ltr'><strong>imprimis</strong></span> <span class='ocrx_word' id='word_1_106' title='bbox 1865 1077 2092 1129; x_wconf 85' lang='lat' dir='ltr'><strong>exoticis</strong></span> 
     </span>
     <span class='ocr_line' id='line_1_15' title="bbox 215 1147 2089 1220; baseline -0.004 -17"><span class='ocrx_word' id='word_1_107' title='bbox 215 1153 627 1220; x_wconf 82' lang='lat' dir='ltr'><strong>subjungemus,</strong></span> <span class='ocrx_word' id='word_1_108' title='bbox 683 1149 1081 1200; x_wconf 76' lang='lat' dir='ltr'><strong>characteiibus</strong></span> <span class='ocrx_word' id='word_1_109' title='bbox 1116 1151 1184 1200; x_wconf 89' lang='lat' dir='ltr'><strong>ad</strong></span> <span class='ocrx_word' id='word_1_110' title='bbox 1216 1163 1397 1201; x_wconf 81' lang='lat' dir='ltr'><strong>nostra</strong></span> <span class='ocrx_word' id='word_1_111' title='bbox 1435 1152 1731 1217; x_wconf 81' lang='lat' dir='ltr'><strong>specimina</strong></span> <span class='ocrx_word' id='word_1_112' title='bbox 1763 1149 1903 1200; x_wconf 80' lang='lat' dir='ltr'><strong>reso</strong></span> <span class='ocrx_word' id='word_1_113' title='bbox 1903 1147 2089 1197; x_wconf 87' lang='lat' dir='ltr'><strong>matis.</strong></span> 
     </span>
    </p>
   </div>
   <div class='ocr_carea' id='block_1_3' title="bbox 209 1237 2094 1784">
    <p class='ocr_par' dir='ltr' id='par_1_3' title="bbox 209 1237 2094 1784">
     <span class='ocr_line' id='line_1_16' title="bbox 353 1237 2091 1304; baseline -0.003 -13"><span class='ocrx_word' id='word_1_114' title='bbox 353 1242 566 1299; x_wconf 86' lang='lat' dir='ltr'><strong>Genus,</strong></span> <span class='ocrx_word' id='word_1_115' title='bbox 608 1239 652 1287; x_wconf 90' lang='lat' dir='ltr'><strong>si</strong></span> <span class='ocrx_word' id='word_1_116' title='bbox 688 1256 786 1304; x_wconf 91' lang='lat' dir='ltr'><strong>pro</strong></span> <span class='ocrx_word' id='word_1_117' title='bbox 829 1239 920 1288; x_wconf 91' lang='lat' dir='ltr'><strong>tali</strong></span> <span class='ocrx_word' id='word_1_118' title='bbox 959 1238 1392 1289; x_wconf 83' lang='lat' dir='ltr'><strong>constituendum</strong></span> <span class='ocrx_word' id='word_1_119' title='bbox 1427 1250 1536 1300; x_wconf 82' lang='lat' dir='ltr'><strong>est,</strong></span> <span class='ocrx_word' id='word_1_120' title='bbox 1589 1241 1657 1288; x_wconf 89' lang='lat' dir='ltr'><strong>ob</strong></span> <span class='ocrx_word' id='word_1_121' title='bbox 1691 1255 1939 1288; x_wconf 77' lang='lat' dir='ltr'><strong>ven-neas</strong></span> <span class='ocrx_word' id='word_1_122' title='bbox 1983 1237 2091 1286; x_wconf 79' lang='lat' dir='ltr'><strong>dis-</strong></span> 
     </span>
     <span class='ocr_line' id='line_1_17' title="bbox 211 1308 2089 1378; baseline -0.003 -17"><span class='ocrx_word' id='word_1_123' title='bbox 211 1311 424 1361; x_wconf 89' lang='lat' dir='ltr'><strong>colores</strong></span> <span class='ocrx_word' id='word_1_124' title='bbox 469 1327 568 1378; x_wconf 90' lang='lat' dir='ltr'><strong>pro</strong></span> <span class='ocrx_word' id='word_1_125' title='bbox 603 1321 857 1359; x_wconf 88' lang='lat' dir='ltr'><strong>stromate</strong></span> <span class='ocrx_word' id='word_1_126' title='bbox 883 1308 1153 1359; x_wconf 86' lang='lat' dir='ltr'><strong>habendas</strong></span> <span class='ocrx_word' id='word_1_127' title='bbox 1182 1310 1494 1359; x_wconf 86' lang='lat' dir='ltr'><strong>nucleorum</strong></span> <span class='ocrx_word' id='word_1_128' title='bbox 1532 1309 1832 1358; x_wconf 83' lang='lat' dir='ltr'><strong>rudimenta</strong></span> <span class='ocrx_word' id='word_1_129' title='bbox 1869 1308 2089 1358; x_wconf 85' lang='lat' dir='ltr'><strong>fovente</strong></span> 
     </span>
     <span class='ocr_line' id='line_1_18' title="bbox 209 1378 2089 1449; baseline -0.004 -19"><span class='ocrx_word' id='word_1_130' title='bbox 209 1383 266 1430; x_wconf 89' lang='lat' dir='ltr'><strong>in</strong></span> <span class='ocrx_word' id='word_1_131' title='bbox 287 1382 518 1449; x_wconf 85' lang='lat' dir='ltr'><strong>primum</strong></span> <span class='ocrx_word' id='word_1_132' title='bbox 544 1380 722 1444; x_wconf 88' lang='lat' dir='ltr'><strong>potius</strong></span> <span class='ocrx_word' id='word_1_133' title='bbox 759 1383 887 1444; x_wconf 89' lang='lat' dir='ltr'><strong>Try</strong></span> <span class='ocrx_word' id='word_1_134' title='bbox 906 1398 937 1447; x_wconf 92' lang='lat' dir='ltr'><strong>p</strong></span> <span class='ocrx_word' id='word_1_135' title='bbox 956 1396 983 1427; x_wconf 91' lang='lat' dir='ltr'><strong>e</strong></span> <span class='ocrx_word' id='word_1_136' title='bbox 1002 1379 1415 1429; x_wconf 88' lang='lat' dir='ltr'><strong>thelinarum</strong></span> <span class='ocrx_word' id='word_1_137' title='bbox 1449 1379 1669 1429; x_wconf 90' lang='lat' dir='ltr'><strong>stadium</strong></span> <span class='ocrx_word' id='word_1_138' title='bbox 1694 1378 2089 1439; x_wconf 83' lang='lat' dir='ltr'><strong>collocandum3</strong></span> 
     </span>
     <span class='ocr_line' id='line_1_19' title="bbox 212 1449 2092 1516; baseline -0.003 -15"><span class='ocrx_word' id='word_1_139' title='bbox 212 1467 333 1502; x_wconf 86' lang='lat' dir='ltr'><strong>cum</strong></span> <span class='ocrx_word' id='word_1_140' title='bbox 363 1469 490 1500; x_wconf 84' lang='lat' dir='ltr'><strong>vero</strong></span> <span class='ocrx_word' id='word_1_141' title='bbox 517 1451 585 1500; x_wconf 91' lang='lat' dir='ltr'><strong>ob</strong></span> <span class='ocrx_word' id='word_1_142' title='bbox 620 1450 778 1499; x_wconf 89' lang='lat' dir='ltr'><strong>talem</strong></span> <span class='ocrx_word' id='word_1_143' title='bbox 818 1450 1226 1516; x_wconf 83' lang='lat' dir='ltr'><strong>dispositionem</strong></span> <span class='ocrx_word' id='word_1_144' title='bbox 1268 1451 1422 1500; x_wconf 80' lang='lat' dir='ltr'><strong>istius</strong></span> <span class='ocrx_word' id='word_1_145' title='bbox 1478 1449 1650 1498; x_wconf 78' lang='lat' dir='ltr'><strong>tribus</strong></span> <span class='ocrx_word' id='word_1_146' title='bbox 1693 1449 1967 1498; x_wconf 81' lang='lat' dir='ltr'><strong>character</strong></span> <span class='ocrx_word' id='word_1_147' title='bbox 2002 1463 2092 1496; x_wconf 89' lang='lat' dir='ltr'><strong>re-</strong></span> 
     </span>
     <span class='ocr_line' id='line_1_20' title="bbox 209 1519 2091 1586; baseline -0.004 -13"><span class='ocrx_word' id='word_1_148' title='bbox 209 1522 521 1573; x_wconf 84' lang='lat' dir='ltr'><strong>formandus</strong></span> <span class='ocrx_word' id='word_1_149' title='bbox 551 1532 718 1581; x_wconf 82' lang='lat' dir='ltr'><strong>esset,</strong></span> <span class='ocrx_word' id='word_1_150' title='bbox 759 1519 1194 1586; x_wconf 87' lang='lat' dir='ltr'><strong>Graphideis</strong></span> <span class='ocrx_word' id='word_1_151' title='bbox 1235 1538 1402 1586; x_wconf 76' lang='lat' dir='ltr'><strong>genus</strong></span> <span class='ocrx_word' id='word_1_152' title='bbox 1434 1521 1783 1576; x_wconf 75' lang='lat' dir='ltr'><strong>associamus,</strong></span> <span class='ocrx_word' id='word_1_153' title='bbox 1840 1536 1947 1568; x_wconf 85' lang='lat' dir='ltr'><strong>non</strong></span> <span class='ocrx_word' id='word_1_154' title='bbox 1976 1528 2091 1565; x_wconf 90' lang='lat' dir='ltr'><strong>tan·</strong></span> 
     </span>
     <span class='ocr_line' id='line_1_21' title="bbox 209 1587 2094 1658; baseline -0.004 -17"><span class='ocrx_word' id='word_1_155' title='bbox 209 1604 323 1642; x_wconf 87' lang='lat' dir='ltr'><strong>tum</strong></span> <span class='ocrx_word' id='word_1_156' title='bbox 358 1592 425 1641; x_wconf 86' lang='lat' dir='ltr'><strong>ob</strong></span> <span class='ocrx_word' id='word_1_157' title='bbox 452 1591 664 1639; x_wconf 87' lang='lat' dir='ltr'><strong>dubiam</strong></span> <span class='ocrx_word' id='word_1_158' title='bbox 707 1590 1026 1640; x_wconf 72' lang='lat' dir='ltr'><strong>affinitatem</strong></span> <span class='ocrx_word' id='word_1_159' title='bbox 1072 1591 1390 1656; x_wconf 85' lang='lat' dir='ltr'><strong>suspicatam</strong></span> <span class='ocrx_word' id='word_1_160' title='bbox 1416 1627 1428 1651; x_wconf 90' lang='lat'><strong>‚</strong></span> <span class='ocrx_word' id='word_1_161' title='bbox 1484 1590 1577 1639; x_wconf 88' lang='lat' dir='ltr'><strong>sed</strong></span> <span class='ocrx_word' id='word_1_162' title='bbox 1618 1590 1760 1658; x_wconf 89' lang='lat' dir='ltr'><strong>quod</strong></span> <span class='ocrx_word' id='word_1_163' title='bbox 1799 1587 2094 1638; x_wconf 88' lang='lat' dir='ltr'><strong>eorundem</strong></span> 
     </span>
     <span class='ocr_line' id='line_1_22' title="bbox 212 1658 2093 1728; baseline -0.003 -15"><span class='ocrx_word' id='word_1_164' title='bbox 212 1662 510 1713; x_wconf 78' lang='lat' dir='ltr'><strong>characteri</strong></span> <span class='ocrx_word' id='word_1_165' title='bbox 543 1661 782 1727; x_wconf 79' lang='lat' dir='ltr'><strong>generali</strong></span> <span class='ocrx_word' id='word_1_166' title='bbox 823 1660 997 1710; x_wconf 86' lang='lat' dir='ltr'><strong>minus</strong></span> <span class='ocrx_word' id='word_1_167' title='bbox 1041 1673 1319 1728; x_wconf 79' lang='lat' dir='ltr'><strong>repugnat.</strong></span> <span class='ocrx_word' id='word_1_168' title='bbox 1413 1659 1835 1712; x_wconf 83' lang='lat' dir='ltr'><strong>Observationes</strong></span> <span class='ocrx_word' id='word_1_169' title='bbox 1870 1658 2093 1709; x_wconf 87' lang='lat' dir='ltr'><strong>ulterio-</strong></span> 
     </span>
     <span class='ocr_line' id='line_1_23' title="bbox 210 1730 751 1784; baseline -0.004 -2"><span class='ocrx_word' id='word_1_170' title='bbox 210 1749 299 1784; x_wconf 90' lang='lat' dir='ltr'><strong>res</strong></span> <span class='ocrx_word' id='word_1_171' title='bbox 329 1732 460 1781; x_wconf 87' lang='lat' dir='ltr'><strong>haec</strong></span> <span class='ocrx_word' id='word_1_172' title='bbox 489 1730 751 1781; x_wconf 89' lang='lat' dir='ltr'><strong>decidant.</strong></span> 
     </span>
    </p>
   </div>
   <div class='ocr_carea' id='block_1_4' title="bbox 208 1813 2093 2154">
    <p class='ocr_par' dir='ltr' id='par_1_4' title="bbox 208 1813 2093 2154">
     <span class='ocr_line' id='line_1_24' title="bbox 354 1813 2090 1885; baseline -0.004 -14"><span class='ocrx_word' id='word_1_173' title='bbox 354 1826 443 1871; x_wconf 85' lang='lat'><strong>&#39;11</strong></span> <span class='ocrx_word' id='word_1_174' title='bbox 455 1818 735 1885; x_wconf 34' lang='lat' dir='ltr'><strong>wichylia</strong></span> <span class='ocrx_word' id='word_1_175' title='bbox 785 1818 987 1868; x_wconf 87' lang='lat' dir='ltr'><strong>Fries</strong></span> <span class='ocrx_word' id='word_1_176' title='bbox 1047 1815 1248 1882; x_wconf 74' lang='lat' dir='ltr'><strong>(Stock.</strong></span> <span class='ocrx_word' id='word_1_177' title='bbox 1309 1816 1363 1866; x_wconf 88' lang='lat' dir='ltr'><em>V</em></span> <span class='ocrx_word' id='word_1_178' title='bbox 1352 1824 1422 1870; x_wconf 82' lang='lat' dir='ltr'><strong>e.l</strong></span> <span class='ocrx_word' id='word_1_179' title='bbox 1467 1813 2090 1867; x_wconf 77' lang='lat' dir='ltr'><strong>Acced.Hc1ncll.1822.</strong></span> 
     </span>
     <span class='ocr_line' id='line_1_25' title="bbox 208 1887 2091 1961; baseline -0.002 -21"><span class='ocrx_word' id='word_1_180' title='bbox 208 1911 264 1961; x_wconf 86' lang='lat' dir='ltr'><strong>p.</strong></span> <span class='ocrx_word' id='word_1_181' title='bbox 300 1894 394 1943; x_wconf 79' lang='lat'><strong>251</strong></span> <span class='ocrx_word' id='word_1_182' title='bbox 431 1899 480 1938; x_wconf 83' lang='lat' dir='ltr'><strong>et</strong></span> <span class='ocrx_word' id='word_1_183' title='bbox 514 1887 934 1957; x_wconf 67' lang='lat' dir='ltr'><strong>pl.l201120n.p.</strong></span> <span class='ocrx_word' id='word_1_184' title='bbox 975 1890 1120 1953; x_wconf 75' lang='lat'><strong>276.)</strong></span> <span class='ocrx_word' id='word_1_185' title='bbox 1161 1905 1277 1938; x_wconf 87' lang='lat' dir='ltr'><strong>cum</strong></span> <span class='ocrx_word' id='word_1_186' title='bbox 1311 1899 1492 1937; x_wconf 82' lang='lat' dir='ltr'><strong>nostra</strong></span> <span class='ocrx_word' id='word_1_187' title='bbox 1524 1887 1696 1956; x_wconf 85' lang='lat' dir='ltr'><strong>quoad</strong></span> <span class='ocrx_word' id='word_1_188' title='bbox 1734 1887 1960 1937; x_wconf 85' lang='lat' dir='ltr'><strong>formam</strong></span> <span class='ocrx_word' id='word_1_189' title='bbox 2001 1903 2091 1936; x_wconf 85' lang='lat' dir='ltr'><strong>ex·</strong></span> 
     </span>
     <span class='ocr_line' id='line_1_26' title="bbox 210 1958 2092 2031; baseline -0.004 -18"><span class='ocrx_word' id='word_1_190' title='bbox 210 1963 470 2031; x_wconf 79' lang='lat' dir='ltr'><strong>teriorem</strong></span> <span class='ocrx_word' id='word_1_191' title='bbox 518 1960 643 2008; x_wconf 86' lang='lat' dir='ltr'><strong>satis</strong></span> <span class='ocrx_word' id='word_1_192' title='bbox 697 1960 974 2019; x_wconf 84' lang='lat' dir='ltr'><strong>convenit,</strong></span> <span class='ocrx_word' id='word_1_193' title='bbox 1028 1959 1082 2007; x_wconf 89' lang='lat' dir='ltr'><strong>in</strong></span> <span class='ocrx_word' id='word_1_194' title='bbox 1122 1959 1406 2026; x_wconf 87' lang='lat' dir='ltr'><strong>speciebus</strong></span> <span class='ocrx_word' id='word_1_195' title='bbox 1453 1975 1582 2008; x_wconf 82' lang='lat' dir='ltr'><strong>vero</strong></span> <span class='ocrx_word' id='word_1_196' title='bbox 1634 1958 1901 2022; x_wconf 65' lang='lat' dir='ltr'><strong>ejusdem,</strong></span> <span class='ocrx_word' id='word_1_197' title='bbox 1963 1973 2092 2025; x_wconf 85' lang='lat' dir='ltr'><strong>quas</strong></span> 
     </span>
     <span class='ocr_line' id='line_1_27' title="bbox 210 2025 2093 2091; baseline -0.003 -9"><span class='ocrx_word' id='word_1_198' title='bbox 210 2033 354 2091; x_wconf 79' lang='lat' dir='ltr'><strong>vidi,</strong></span> <span class='ocrx_word' id='word_1_199' title='bbox 396 2041 711 2081; x_wconf 75' lang='lat' dir='ltr'><strong>structuram</strong></span> <span class='ocrx_word' id='word_1_200' title='bbox 745 2041 980 2079; x_wconf 87' lang='lat' dir='ltr'><strong>nostram</strong></span> <span class='ocrx_word' id='word_1_201' title='bbox 1009 2029 1221 2079; x_wconf 87' lang='lat' dir='ltr'><strong>citatam</strong></span> <span class='ocrx_word' id='word_1_202' title='bbox 1258 2046 1364 2079; x_wconf 88' lang='lat' dir='ltr'><strong>non</strong></span> <span class='ocrx_word' id='word_1_203' title='bbox 1389 2028 1588 2080; x_wconf 77' lang='lat' dir='ltr'><strong>inveni.</strong></span> <span class='ocrx_word' id='word_1_204' title='bbox 1664 2030 1775 2079; x_wconf 79' lang='lat' dir='ltr'><strong>cfr.</strong></span> <span class='ocrx_word' id='word_1_205' title='bbox 1809 2028 1972 2077; x_wconf 79' lang='lat' dir='ltr'><strong>etiam</strong></span> <span class='ocrx_word' id='word_1_206' title='bbox 2003 2025 2093 2077; x_wconf 88' lang='lat' dir='ltr'><strong>ad·</strong></span> 
     </span>
     <span class='ocr_line' id='line_1_28' title="bbox 210 2100 1022 2154; baseline -0.005 -2"><span class='ocrx_word' id='word_1_207' title='bbox 210 2113 392 2154; x_wconf 89' lang='lat' dir='ltr'><strong>notata</strong></span> <span class='ocrx_word' id='word_1_208' title='bbox 427 2101 491 2151; x_wconf 88' lang='lat' dir='ltr'><strong>ad</strong></span> <span class='ocrx_word' id='word_1_209' title='bbox 520 2103 651 2149; x_wconf 88' lang='lat' dir='ltr'><strong>Por</strong></span> <span class='ocrx_word' id='word_1_210' title='bbox 668 2100 1022 2149; x_wconf 88' lang='lat' dir='ltr'><strong>othelium.</strong></span> 
     </span>
    </p>
   </div>
   <div class='ocr_carea' id='block_1_5' title="bbox 587 2257 1702 2297">
    <p class='ocr_par' dir='ltr' id='par_1_5' title="bbox 587 2257 1702 2297">
     <span class='ocr_line' id='line_1_29' title="bbox 587 2257 1702 2297; baseline -0.001 -1"><span class='ocrx_word' id='word_1_211' title='bbox 587 2257 630 2296; x_wconf 88' lang='lat' dir='ltr'><strong>l·</strong></span> <span class='ocrx_word' id='word_1_212' title='bbox 670 2260 1064 2297; x_wconf 77' lang='lat' dir='ltr'><strong>ARTHONIA</strong></span> <span class='ocrx_word' id='word_1_213' title='bbox 1105 2258 1702 2297; x_wconf 76' lang='lat' dir='ltr'><strong>PUNCTIFORMIS·</strong></span> 
     </span>
    </p>
   </div>
   <div class='ocr_carea' id='block_1_6' title="bbox 210 2359 2093 2507">
    <p class='ocr_par' dir='ltr' id='par_1_6' title="bbox 210 2359 2093 2507">
     <span class='ocr_line' id='line_1_30' title="bbox 349 2359 2093 2433; baseline -0.003 -15"><span class='ocrx_word' id='word_1_214' title='bbox 349 2372 409 2418; x_wconf 83' lang='grc' dir='ltr'><strong>Α.</strong></span> <span class='ocrx_word' id='word_1_215' title='bbox 449 2377 626 2415; x_wconf 83' lang='lat' dir='ltr'><strong>musta</strong></span> <span class='ocrx_word' id='word_1_216' title='bbox 671 2359 1129 2432; x_wconf 85' lang='lat' dir='ltr'><strong>hypophloeode,</strong></span> <span class='ocrx_word' id='word_1_217' title='bbox 1163 2363 1463 2433; x_wconf 86' lang='lat' dir='ltr'><strong>apotheciis</strong></span> <span class='ocrx_word' id='word_1_218' title='bbox 1492 2363 1712 2413; x_wconf 89' lang='lat' dir='ltr'><strong>minutis</strong></span> <span class='ocrx_word' id='word_1_219' title='bbox 1748 2359 2093 2413; x_wconf 82' lang='lat' dir='ltr'><strong>subrotundis</strong></span> 
     </span>
     <span class='ocr_line' id='line_1_31' title="bbox 210 2436 1027 2507; baseline -0.002 -20"><span class='ocrx_word' id='word_1_220' title='bbox 210 2437 404 2507; x_wconf 89' lang='lat' dir='ltr'><strong>plano-</strong></span> <span class='ocrx_word' id='word_1_221' title='bbox 423 2436 850 2486; x_wconf 82' lang='lat' dir='ltr'><strong>convexiusculis</strong></span> <span class='ocrx_word' id='word_1_222' title='bbox 880 2436 1027 2485; x_wconf 87' lang='lat' dir='ltr'><strong>atris.</strong></span> 
     </span>
    </p>
   </div>
   <div class='ocr_carea' id='block_1_7' title="bbox 351 2518 1607 2592">
    <p class='ocr_par' dir='ltr' id='par_1_7' title="bbox 351 2518 1607 2592">
     <span class='ocr_line' id='line_1_32' title="bbox 351 2518 1607 2592; baseline -0.005 -16"><span class='ocrx_word' id='word_1_223' title='bbox 351 2523 493 2576; x_wconf 77' lang='lat' dir='ltr'><strong>Aclz.</strong></span> <span class='ocrx_word' id='word_1_224' title='bbox 522 2521 856 2592; x_wconf 80' lang='lat' dir='ltr'><strong>Liclzenogr.</strong></span> <span class='ocrx_word' id='word_1_225' title='bbox 892 2523 1041 2575; x_wconf 81' lang='lat' dir='ltr'><strong>univ.</strong></span> <span class='ocrx_word' id='word_1_226' title='bbox 1071 2541 1128 2590; x_wconf 81' lang='lat' dir='ltr'><strong>p.</strong></span> <span class='ocrx_word' id='word_1_227' title='bbox 1166 2531 1278 2583; x_wconf 71' lang='lat'><strong>¹4¹·</strong></span> <span class='ocrx_word' id='word_1_228' title='bbox 1310 2518 1523 2589; x_wconf 68' lang='lat' dir='ltr'><strong>Symp.</strong></span> <span class='ocrx_word' id='word_1_229' title='bbox 1557 2529 1607 2582; x_wconf 76' lang='grc'><strong>4.</strong></span> 
     </span>
    </p>
   </div>
   <div class='ocr_carea' id='block_1_8' title="bbox 212 2606 2107 2956">
    <p class='ocr_par' dir='ltr' id='par_1_8' title="bbox 212 2606 2107 2945">
     <span class='ocr_line' id='line_1_33' title="bbox 353 2606 2093 2687; baseline -0.004 -24"><span class='ocrx_word' id='word_1_230' title='bbox 353 2613 567 2663; x_wconf 78' lang='lat' dir='ltr'><strong>Thallus</strong></span> <span class='ocrx_word' id='word_1_231' title='bbox 616 2626 951 2671; x_wconf 57' lang='lat' dir='ltr'><strong>mustaceus,</strong></span> <span class='ocrx_word' id='word_1_232' title='bbox 1008 2612 1065 2661; x_wconf 89' lang='lat' dir='ltr'><strong>in</strong></span> <span class='ocrx_word' id='word_1_233' title='bbox 1108 2625 1295 2662; x_wconf 88' lang='lat' dir='ltr'><strong>nostro</strong></span> <span class='ocrx_word' id='word_1_234' title='bbox 1336 2609 1633 2675; x_wconf 85' lang='lat' dir='ltr'><strong>specimine</strong></span> <span class='ocrx_word' id='word_1_235' title='bbox 1682 2625 1839 2674; x_wconf 87' lang='lat' dir='ltr'><strong>supra</strong></span> <span class='ocrx_word' id='word_1_236' title='bbox 1878 2606 2093 2687; x_wconf 80' lang='lat' dir='ltr'><strong>epider-</strong></span> 
     </span>
     <span class='ocr_line' id='line_1_34' title="bbox 212 2678 2104 2745; baseline -0.007 -10"><span class='ocrx_word' id='word_1_237' title='bbox 212 2684 413 2735; x_wconf 90' lang='lat' dir='ltr'><strong>midem</strong></span> <span class='ocrx_word' id='word_1_238' title='bbox 458 2684 750 2732; x_wconf 81' lang='lat' dir='ltr'><strong>coeruleo-</strong></span> <span class='ocrx_word' id='word_1_239' title='bbox 768 2683 1156 2732; x_wconf 89' lang='lat' dir='ltr'><strong>suscescentem</strong></span> <span class='ocrx_word' id='word_1_240' title='bbox 1201 2682 1287 2733; x_wconf 85' lang='lat' dir='ltr'><strong>vix</strong></span> <span class='ocrx_word' id='word_1_241' title='bbox 1334 2680 1470 2729; x_wconf 91' lang='lat' dir='ltr'><strong>ullus</strong></span> <span class='ocrx_word' id='word_1_242' title='bbox 1517 2679 1598 2729; x_wconf 89' lang='lat' dir='ltr'><strong>vel</strong></span> <span class='ocrx_word' id='word_1_243' title='bbox 1645 2679 1856 2728; x_wconf 86' lang='lat' dir='ltr'><strong>albido·</strong></span> <span class='ocrx_word' id='word_1_244' title='bbox 1838 2678 2104 2745; x_wconf 74' lang='lat' dir='ltr'><strong>·pruino-v</strong></span> 
     </span>
     <span class='ocr_line' id='line_1_35' title="bbox 217 2749 2095 2820; baseline -0.004 -16"><span class='ocrx_word' id='word_1_245' title='bbox 217 2774 323 2804; x_wconf 89' lang='lat' dir='ltr'><strong>sus.</strong></span> <span class='ocrx_word' id='word_1_246' title='bbox 398 2754 693 2818; x_wconf 78' lang='lat' dir='ltr'><strong>Apothecia</strong></span> <span class='ocrx_word' id='word_1_247' title='bbox 733 2753 1014 2820; x_wconf 75' lang='lat' dir='ltr'><strong>eulopaeis</strong></span> <span class='ocrx_word' id='word_1_248' title='bbox 1062 2769 1244 2818; x_wconf 89' lang='lat' dir='ltr'><strong>parum</strong></span> <span class='ocrx_word' id='word_1_249' title='bbox 1290 2750 1518 2815; x_wconf 88' lang='lat' dir='ltr'><strong>majora,</strong></span> <span class='ocrx_word' id='word_1_250' title='bbox 1567 2749 1883 2817; x_wconf 88' lang='lat' dir='ltr'><strong>plerumque</strong></span> <span class='ocrx_word' id='word_1_251' title='bbox 1909 2759 2095 2798; x_wconf 86' lang='lat' dir='ltr'><strong>rotun-</strong></span> 
     </span>
     <span class='ocr_line' id='line_1_36' title="bbox 214 2819 2107 2888; baseline -0.004 -13"><span class='ocrx_word' id='word_1_252' title='bbox 214 2826 311 2886; x_wconf 88' lang='lat' dir='ltr'><strong>da,</strong></span> <span class='ocrx_word' id='word_1_253' title='bbox 353 2823 576 2872; x_wconf 82' lang='lat' dir='ltr'><strong>subinde</strong></span> <span class='ocrx_word' id='word_1_254' title='bbox 606 2823 859 2888; x_wconf 80' lang='lat' dir='ltr'><strong>elliptica.</strong></span> <span class='ocrx_word' id='word_1_255' title='bbox 935 2822 1147 2873; x_wconf 89' lang='lat' dir='ltr'><strong>Thecae</strong></span> <span class='ocrx_word' id='word_1_256' title='bbox 1189 2823 1243 2872; x_wconf 90' lang='lat' dir='ltr'><strong>in</strong></span> <span class='ocrx_word' id='word_1_257' title='bbox 1280 2820 1417 2870; x_wconf 91' lang='lat' dir='ltr'><strong>ascis</strong></span> <span class='ocrx_word' id='word_1_258' title='bbox 1460 2821 1629 2870; x_wconf 86' lang='lat' dir='ltr'><strong>ovatis</strong></span> <span class='ocrx_word' id='word_1_259' title='bbox 1669 2819 2107 2880; x_wconf 68' lang='lat' dir='ltr'><strong>te1nae‚minu-t</strong></span> 
     </span>
     <span class='ocr_line' id='line_1_37' title="bbox 214 2893 867 2956; baseline -0.005 -11"><span class='ocrx_word' id='word_1_260' title='bbox 214 2907 330 2956; x_wconf 84' lang='lat' dir='ltr'><strong>tae,</strong></span> <span class='ocrx_word' id='word_1_261' title='bbox 370 2893 538 2942; x_wconf 86' lang='lat' dir='ltr'><strong>semel</strong></span> <span class='ocrx_word' id='word_1_262' title='bbox 573 2893 867 2943; x_wconf 82' lang='lat' dir='ltr'><strong>annulatae.</strong></span> 
     </span>
    </p>
   </div>
   <div class='ocr_carea' id='block_1_9' title="bbox 210 2974 2092 3120">
    <p class='ocr_par' dir='ltr' id='par_1_9' title="bbox 210 2974 2092 3120">
     <span class='ocr_line' id='line_1_38' title="bbox 351 2974 2092 3049; baseline -0.003 -20"><span class='ocrx_word' id='word_1_263' title='bbox 351 2979 545 3029; x_wconf 81' lang='lat' dir='ltr'><strong>Incolit</strong></span> <span class='ocrx_word' id='word_1_264' title='bbox 597 2980 847 3030; x_wconf 72' lang='lat' dir='ltr'><strong>corileem</strong></span> <span class='ocrx_word' id='word_1_265' title='bbox 909 2979 1241 3049; x_wconf 73' lang='lat' dir='ltr'><strong>laevigatam</strong></span> <span class='ocrx_word' id='word_1_266' title='bbox 1295 2977 1550 3028; x_wconf 82' lang='lat' dir='ltr'><strong>arborum</strong></span> <span class='ocrx_word' id='word_1_267' title='bbox 1597 2974 2092 3046; x_wconf 79' lang='lat' dir='ltr'><strong>sempervirentium</strong></span> 
     </span>
     <span class='ocr_line' id='line_1_39' title="bbox 210 3048 666 3120; baseline -0.007 -18"><span class='ocrx_word' id='word_1_268' title='bbox 210 3069 380 3120; x_wconf 82' lang='lat' dir='ltr'><strong>prope</strong></span> <span class='ocrx_word' id='word_1_269' title='bbox 411 3048 666 3101; x_wconf 73' lang='lat' dir='ltr'><strong>Balciam.</strong></span> 
     </span>
    </p>
   </div>
   <div class='ocr_carea' id='block_1_10' title="bbox 209 3136 2093 3558">
    <p class='ocr_par' dir='ltr' id='par_1_10' title="bbox 209 3136 2093 3558">
     <span class='ocr_line' id='line_1_40' title="bbox 353 3136 2092 3208; baseline -0.003 -18"><span class='ocrx_word' id='word_1_270' title='bbox 353 3141 909 3190; x_wconf 83' lang='lat' dir='ltr'><strong>Adnot.F01mae</strong></span> <span class='ocrx_word' id='word_1_271' title='bbox 967 3139 1171 3207; x_wconf 88' lang='lat' dir='ltr'><strong>speciei</strong></span> <span class='ocrx_word' id='word_1_272' title='bbox 1226 3139 1540 3208; x_wconf 83' lang='lat' dir='ltr'><strong>indigenae,</strong></span> <span class='ocrx_word' id='word_1_273' title='bbox 1610 3137 1744 3187; x_wconf 87' lang='lat' dir='ltr'><strong>aliae</strong></span> <span class='ocrx_word' id='word_1_274' title='bbox 1787 3153 1886 3204; x_wconf 84' lang='lat' dir='ltr'><strong>pro</strong></span> <span class='ocrx_word' id='word_1_275' title='bbox 1932 3136 2092 3187; x_wconf 88' lang='lat' dir='ltr'><strong>Gra-</strong></span> 
     </span>
     <span class='ocr_line' id='line_1_41' title="bbox 214 3205 2090 3275; baseline -0.002 -16"><span class='ocrx_word' id='word_1_276' title='bbox 214 3209 495 3275; x_wconf 88' lang='lat' dir='ltr'><strong>phidum</strong></span> <span class='ocrx_word' id='word_1_277' title='bbox 539 3211 620 3260; x_wconf 87' lang='lat' dir='ltr'><strong>vel</strong></span> <span class='ocrx_word' id='word_1_278' title='bbox 659 3213 828 3262; x_wconf 79' lang='lat' dir='ltr'><strong>Veri</strong></span> <span class='ocrx_word' id='word_1_279' title='bbox 845 3226 1224 3260; x_wconf 77' lang='lat' dir='ltr'><strong>ucariarum</strong></span> <span class='ocrx_word' id='word_1_280' title='bbox 1261 3210 1454 3260; x_wconf 78' lang='lat' dir='ltr'><strong>foimis</strong></span> <span class='ocrx_word' id='word_1_281' title='bbox 1494 3207 1782 3265; x_wconf 76' lang='lat' dir='ltr'><strong>abortiviS,</strong></span> <span class='ocrx_word' id='word_1_282' title='bbox 1822 3205 1956 3256; x_wconf 89' lang='lat' dir='ltr'><strong>aliae</strong></span> <span class='ocrx_word' id='word_1_283' title='bbox 1988 3221 2090 3273; x_wconf 85' lang='lat' dir='ltr'><strong>pro</strong></span> 
     </span>
     <span class='ocr_line' id='line_1_42' title="bbox 211 3275 2092 3346; baseline -0.003 -16"><span class='ocrx_word' id='word_1_284' title='bbox 211 3280 556 3346; x_wconf 84' lang='lat' dir='ltr'><strong>Xylomati</strong></span> <span class='ocrx_word' id='word_1_285' title='bbox 579 3282 695 3329; x_wconf 84' lang='lat' dir='ltr'><strong>bus</strong></span> <span class='ocrx_word' id='word_1_286' title='bbox 732 3279 1033 3340; x_wconf 83' lang='lat' dir='ltr'><strong>habendae,</strong></span> <span class='ocrx_word' id='word_1_287' title='bbox 1071 3289 1280 3342; x_wconf 86' lang='lat' dir='ltr'><strong>nostra,</strong></span> <span class='ocrx_word' id='word_1_288' title='bbox 1321 3280 1367 3329; x_wconf 91' lang='lat' dir='ltr'><strong>si</strong></span> <span class='ocrx_word' id='word_1_289' title='bbox 1406 3279 1617 3345; x_wconf 88' lang='lat' dir='ltr'><strong>species</strong></span> <span class='ocrx_word' id='word_1_290' title='bbox 1650 3275 1942 3326; x_wconf 88' lang='lat' dir='ltr'><strong>eorundem</strong></span> <span class='ocrx_word' id='word_1_291' title='bbox 1972 3291 2092 3326; x_wconf 87' lang='lat' dir='ltr'><strong>cor·</strong></span> 
     </span>
     <span class='ocr_line' id='line_1_43' title="bbox 209 3345 2093 3418; baseline -0.002 -19"><span class='ocrx_word' id='word_1_292' title='bbox 209 3351 374 3399; x_wconf 85' lang='lat' dir='ltr'><strong>ticum</strong></span> <span class='ocrx_word' id='word_1_293' title='bbox 430 3351 633 3400; x_wconf 83' lang='lat' dir='ltr'><strong>incolas</strong></span> <span class='ocrx_word' id='word_1_294' title='bbox 685 3350 934 3411; x_wconf 85' lang='lat' dir='ltr'><strong>confers,</strong></span> <span class='ocrx_word' id='word_1_295' title='bbox 992 3349 1527 3418; x_wconf 82' lang='lat' dir='ltr'><strong>Leiogrammati</strong></span> <span class='ocrx_word' id='word_1_296' title='bbox 1566 3348 1800 3397; x_wconf 88' lang='lat' dir='ltr'><strong>lobato</strong></span> <span class='ocrx_word' id='word_1_297' title='bbox 1838 3345 2093 3412; x_wconf 83' lang='lat' dir='ltr'><strong>proxime</strong></span> 
     </span>
     <span class='ocr_line' id='line_1_44' title="bbox 211 3417 2091 3497; baseline -0.002 -28"><span class='ocrx_word' id='word_1_298' title='bbox 211 3420 450 3481; x_wconf 90' lang='lat' dir='ltr'><strong>accedit,</strong></span> <span class='ocrx_word' id='word_1_299' title='bbox 495 3421 663 3468; x_wconf 86' lang='lat' dir='ltr'><strong>minus</strong></span> <span class='ocrx_word' id='word_1_300' title='bbox 704 3421 1173 3474; x_wconf 82' lang='lat' dir='ltr'><strong>Ve1rucariae</strong></span> <span class='ocrx_word' id='word_1_301' title='bbox 1212 3421 1610 3486; x_wconf 89' lang='lat' dir='ltr'><strong>aspisteae.</strong></span> <span class='ocrx_word' id='word_1_302' title='bbox 1651 3417 1930 3486; x_wconf 86' lang='lat' dir='ltr'><strong>utriusque</strong></span> <span class='ocrx_word' id='word_1_303' title='bbox 1960 3433 2091 3497; x_wconf 80' lang='lat' dir='ltr'><strong>apo-</strong></span> 
     </span>
     <span class='ocr_line' id='line_1_45' title="bbox 210 3485 2088 3558; baseline -0.001 -19"><span class='ocrx_word' id='word_1_304' title='bbox 210 3489 388 3541; x_wconf 83' lang='lat' dir='ltr'><strong>thecia</strong></span> <span class='ocrx_word' id='word_1_305' title='bbox 441 3492 643 3542; x_wconf 87' lang='lat' dir='ltr'><strong>nostris</strong></span> <span class='ocrx_word' id='word_1_306' title='bbox 693 3507 878 3557; x_wconf 85' lang='lat' dir='ltr'><strong>parum</strong></span> <span class='ocrx_word' id='word_1_307' title='bbox 925 3489 1125 3558; x_wconf 75' lang='lat' dir='ltr'><strong>majora</strong></span> <span class='ocrx_word' id='word_1_308' title='bbox 1177 3501 1337 3556; x_wconf 83' lang='lat' dir='ltr'><strong>sunt3</strong></span> <span class='ocrx_word' id='word_1_309' title='bbox 1385 3488 1589 3558; x_wconf 84' lang='lat' dir='ltr'><strong>prioris</strong></span> <span class='ocrx_word' id='word_1_310' title='bbox 1643 3504 1770 3541; x_wconf 84' lang='lat' dir='ltr'><strong>vero</strong></span> <span class='ocrx_word' id='word_1_311' title='bbox 1820 3487 1875 3538; x_wconf 85' lang='lat' dir='ltr'><strong>in</strong></span> <span class='ocrx_word' id='word_1_312' title='bbox 1926 3485 2088 3537; x_wconf 84' lang='lat' dir='ltr'><strong>unico</strong></span> 
     </span>
    </p>
   </div>
  </div>
 </body>
</html>
