<?xml version="1.0" encoding="UTF-8"?>
<!DOCTYPE html PUBLIC "-//W3C//DTD XHTML 1.0 Transitional//EN"
    "http://www.w3.org/TR/xhtml1/DTD/xhtml1-transitional.dtd">
<html xmlns="http://www.w3.org/1999/xhtml" xml:lang="en" lang="en">
 <head>
  <title>
</title>
<meta http-equiv="Content-Type" content="text/html;charset=utf-8" />
  <meta name='ocr-system' content='tesseract 3.04.00' />
  <meta name='ocr-capabilities' content='ocr_page ocr_carea ocr_par ocr_line ocrx_word'/>
</head>
<body>
  <div class='ocr_page' id='page_1' title='image "./florabrasiliensi01mart_0117.png"; bbox 0 0 2163 3852; ppageno 0'>
   <div class='ocr_carea' id='block_1_1' title="bbox 670 127 1917 198">
    <p class='ocr_par' dir='ltr' id='par_1_1' title="bbox 670 127 1917 198">
     <span class='ocr_line' id='line_1_1' title="bbox 670 127 1917 198; baseline 0.004 -21"><span class='ocrx_word' id='word_1_1' title='bbox 670 127 971 180; x_wconf 65' lang='lat' dir='ltr'><strong>Dicamus.</strong></span> <span class='ocrx_word' id='word_1_2' title='bbox 1044 127 1301 182; x_wconf 65' lang='lat' dir='ltr'><strong>Uanus.</strong></span> <span class='ocrx_word' id='word_1_3' title='bbox 1814 141 1917 198; x_wconf 79' lang='lat'><strong>105</strong></span> 
     </span>
    </p>
   </div>
   <div class='ocr_carea' id='block_1_2' title="bbox 43 276 1931 1307">
    <p class='ocr_par' dir='ltr' id='par_1_2' title="bbox 43 276 1931 1307">
     <span class='ocr_line' id='line_1_2' title="bbox 187 276 1919 347; baseline 0.005 -17"><span class='ocrx_word' id='word_1_4' title='bbox 187 276 518 330; x_wconf 77' lang='lat' dir='ltr'><strong>Differentia</strong></span> <span class='ocrx_word' id='word_1_5' title='bbox 565 276 668 328; x_wconf 78' lang='lat' dir='ltr'><strong>alia</strong></span> <span class='ocrx_word' id='word_1_6' title='bbox 718 277 864 330; x_wconf 77' lang='lat' dir='ltr'><strong>inter</strong></span> <span class='ocrx_word' id='word_1_7' title='bbox 912 277 1385 347; x_wconf 75' lang='lat' dir='ltr'><strong>Leiogrnmma</strong></span> <span class='ocrx_word' id='word_1_8' title='bbox 1421 290 1476 331; x_wconf 89' lang='lat' dir='ltr'><strong>et</strong></span> <span class='ocrx_word' id='word_1_9' title='bbox 1510 281 1850 338; x_wconf 80' lang='lat' dir='ltr'><strong>Ustaliam</strong></span> <span class='ocrx_word' id='word_1_10' title='bbox 1886 307 1919 341; x_wconf 76' lang='grc' dir='ltr'><strong>ο</strong></span> 
     </span>
     <span class='ocr_line' id='line_1_3' title="bbox 51 346 1924 421; baseline 0.005 -22"><span class='ocrx_word' id='word_1_11' title='bbox 51 347 342 399; x_wconf 79' lang='lat' dir='ltr'><strong>substantia</strong></span> <span class='ocrx_word' id='word_1_12' title='bbox 393 347 680 416; x_wconf 72' lang='lat' dir='ltr'><strong>pen-ithecii</strong></span> <span class='ocrx_word' id='word_1_13' title='bbox 716 348 918 415; x_wconf 80' lang='lat' dir='ltr'><strong>prioris</strong></span> <span class='ocrx_word' id='word_1_14' title='bbox 975 346 1336 413; x_wconf 76' lang='lat' dir='ltr'><strong>carbonacea,</strong></span> <span class='ocrx_word' id='word_1_15' title='bbox 1388 351 1604 402; x_wconf 80' lang='lat' dir='ltr'><strong>alterius</strong></span> <span class='ocrx_word' id='word_1_16' title='bbox 1653 354 1924 421; x_wconf 87' lang='lat' dir='ltr'><strong>subpellu-</strong></span> 
     </span>
     <span class='ocr_line' id='line_1_4' title="bbox 48 417 1921 496; baseline 0.004 -28"><span class='ocrx_word' id='word_1_17' title='bbox 48 418 170 469; x_wconf 86' lang='lat' dir='ltr'><strong>cida</strong></span> <span class='ocrx_word' id='word_1_18' title='bbox 202 418 256 466; x_wconf 88' lang='lat' dir='ltr'><strong>in</strong></span> <span class='ocrx_word' id='word_1_19' title='bbox 296 419 579 484; x_wconf 72' lang='lat' dir='ltr'>speciebus</span> <span class='ocrx_word' id='word_1_20' title='bbox 625 417 843 485; x_wconf 87' lang='lat' dir='ltr'><strong>quidem</strong></span> <span class='ocrx_word' id='word_1_21' title='bbox 891 417 1036 468; x_wconf 85' lang='lat' dir='ltr'><strong>notis</strong></span> <span class='ocrx_word' id='word_1_22' title='bbox 1083 419 1212 469; x_wconf 78' lang='lat' dir='ltr'><strong>satis</strong></span> <span class='ocrx_word' id='word_1_23' title='bbox 1263 432 1510 471; x_wconf 81' lang='lat' dir='ltr'>constans</span> <span class='ocrx_word' id='word_1_24' title='bbox 1568 434 1678 482; x_wconf 77' lang='lat' dir='ltr'><strong>est,</strong></span> <span class='ocrx_word' id='word_1_25' title='bbox 1743 423 1921 496; x_wconf 76' lang='lat' dir='ltr'><strong>neque</strong></span> 
     </span>
     <span class='ocr_line' id='line_1_5' title="bbox 47 485 1926 563; baseline 0.005 -26"><span class='ocrx_word' id='word_1_26' title='bbox 47 487 318 537; x_wconf 79' lang='lat' dir='ltr'><strong>Ustalia</strong></span> <span class='ocrx_word' id='word_1_27' title='bbox 356 487 667 538; x_wconf 85' lang='lat' dir='ltr'><strong>fasciata</strong></span> <span class='ocrx_word' id='word_1_28' title='bbox 706 488 843 536; x_wconf 80' lang='lat' dir='ltr'><strong>infra</strong></span> <span class='ocrx_word' id='word_1_29' title='bbox 881 485 1272 549; x_wconf 84' lang='lat' dir='ltr'><strong>describenda,</strong></span> <span class='ocrx_word' id='word_1_30' title='bbox 1330 489 1398 539; x_wconf 92' lang='lat' dir='ltr'><strong>ob</strong></span> <span class='ocrx_word' id='word_1_31' title='bbox 1454 491 1656 542; x_wconf 83' lang='lat' dir='ltr'><strong>discum</strong></span> <span class='ocrx_word' id='word_1_32' title='bbox 1712 495 1926 563; x_wconf 86' lang='lat' dir='ltr'><strong>nigrum</strong></span> 
     </span>
     <span class='ocr_line' id='line_1_6' title="bbox 43 555 1924 629; baseline 0.004 -22"><span class='ocrx_word' id='word_1_33' title='bbox 43 555 373 624; x_wconf 85' lang='lat' dir='ltr'><strong>hypotheeio</strong></span> <span class='ocrx_word' id='word_1_34' title='bbox 411 557 604 626; x_wconf 82' lang='lat' dir='ltr'><strong>gaudet</strong></span> <span class='ocrx_word' id='word_1_35' title='bbox 641 558 1013 618; x_wconf 75' lang='lat' dir='ltr'><strong>carbonaceo,</strong></span> <span class='ocrx_word' id='word_1_36' title='bbox 1061 573 1244 606; x_wconf 82' lang='lat' dir='ltr'><strong>verum</strong></span> <span class='ocrx_word' id='word_1_37' title='bbox 1283 569 1456 609; x_wconf 84' lang='lat' dir='ltr'><strong>tamen</strong></span> <span class='ocrx_word' id='word_1_38' title='bbox 1495 562 1594 611; x_wconf 86' lang='lat' dir='ltr'><strong>ista</strong></span> <span class='ocrx_word' id='word_1_39' title='bbox 1631 564 1924 629; x_wconf 74' lang='lat' dir='ltr'><strong>pei-ithecii</strong></span> 
     </span>
     <span class='ocr_line' id='line_1_7' title="bbox 50 625 1923 701; baseline 0.006 -25"><span class='ocrx_word' id='word_1_40' title='bbox 50 627 375 676; x_wconf 79' lang='lat' dir='ltr'><strong>substantiae</strong></span> <span class='ocrx_word' id='word_1_41' title='bbox 429 625 736 676; x_wconf 71' lang='lat' dir='ltr'><strong>differentia</strong></span> <span class='ocrx_word' id='word_1_42' title='bbox 775 645 883 678; x_wconf 92' lang='lat' dir='ltr'><strong>non</strong></span> <span class='ocrx_word' id='word_1_43' title='bbox 935 643 1104 695; x_wconf 89' lang='lat' dir='ltr'><strong>aeque</strong></span> <span class='ocrx_word' id='word_1_44' title='bbox 1152 639 1401 678; x_wconf 79' lang='lat' dir='ltr'><strong>constans</strong></span> <span class='ocrx_word' id='word_1_45' title='bbox 1439 631 1492 678; x_wconf 89' lang='lat' dir='ltr'><strong>in</strong></span> <span class='ocrx_word' id='word_1_46' title='bbox 1531 633 1766 701; x_wconf 85' lang='lat' dir='ltr'><strong>analogis</strong></span> <span class='ocrx_word' id='word_1_47' title='bbox 1804 638 1923 688; x_wconf 83' lang='lat' dir='ltr'><strong>Le-</strong></span> 
     </span>
     <span class='ocr_line' id='line_1_8' title="bbox 48 695 1921 764; baseline 0.005 -18"><span class='ocrx_word' id='word_1_48' title='bbox 48 695 300 746; x_wconf 87' lang='lat' dir='ltr'><strong>cideae</strong></span> <span class='ocrx_word' id='word_1_49' title='bbox 342 707 394 746; x_wconf 89' lang='lat' dir='ltr'><strong>et</strong></span> <span class='ocrx_word' id='word_1_50' title='bbox 430 698 758 746; x_wconf 85' lang='lat' dir='ltr'><strong>Biatorae</strong></span> <span class='ocrx_word' id='word_1_51' title='bbox 797 697 1112 762; x_wconf 85' lang='lat' dir='ltr'>speciebus,</span> <span class='ocrx_word' id='word_1_52' title='bbox 1159 714 1190 747; x_wconf 93' lang='lat' dir='ltr'><strong>e</strong></span> <span class='ocrx_word' id='word_1_53' title='bbox 1225 698 1510 764; x_wconf 80' lang='lat' dir='ltr'><strong>peritheeii</strong></span> <span class='ocrx_word' id='word_1_54' title='bbox 1547 714 1696 752; x_wconf 82' lang='lat' dir='ltr'><strong>certe</strong></span> <span class='ocrx_word' id='word_1_55' title='bbox 1734 706 1921 757; x_wconf 77' lang='lat' dir='ltr'><strong>colore</strong></span> 
     </span>
     <span class='ocr_line' id='line_1_9' title="bbox 44 766 1926 833; baseline 0.006 -20"><span class='ocrx_word' id='word_1_56' title='bbox 44 766 340 833; x_wconf 80' lang='lat' dir='ltr'><strong>praecipue</strong></span> <span class='ocrx_word' id='word_1_57' title='bbox 381 767 608 832; x_wconf 82' lang='lat' dir='ltr'><strong>pendet,</strong></span> <span class='ocrx_word' id='word_1_58' title='bbox 660 767 747 827; x_wconf 89' lang='lat' dir='ltr'><strong>(de</strong></span> <span class='ocrx_word' id='word_1_59' title='bbox 785 766 868 815; x_wconf 90' lang='lat' dir='ltr'><strong>his</strong></span> <span class='ocrx_word' id='word_1_60' title='bbox 907 766 1006 816; x_wconf 82' lang='lat' dir='ltr'><strong>cfr.</strong></span> <span class='ocrx_word' id='word_1_61' title='bbox 1045 766 1111 816; x_wconf 84' lang='lat' dir='ltr'><strong>ad</strong></span> <span class='ocrx_word' id='word_1_62' title='bbox 1146 768 1532 818; x_wconf 77' lang='lat' dir='ltr'><strong>Lecidinas</strong></span> <span class='ocrx_word' id='word_1_63' title='bbox 1571 783 1625 821; x_wconf 87' lang='lat' dir='ltr'><strong>et</strong></span> <span class='ocrx_word' id='word_1_64' title='bbox 1660 775 1926 828; x_wconf 79' lang='lat' dir='ltr'><strong>Parme-</strong></span> 
     </span>
     <span class='ocr_line' id='line_1_10' title="bbox 44 835 1925 904; baseline 0.006 -20"><span class='ocrx_word' id='word_1_65' title='bbox 44 836 306 885; x_wconf 88' lang='lat' dir='ltr'><strong>liaceas</strong></span> <span class='ocrx_word' id='word_1_66' title='bbox 345 835 736 901; x_wconf 82' lang='lat' dir='ltr'><strong>obse1·vanda);</strong></span> <span class='ocrx_word' id='word_1_67' title='bbox 771 836 899 886; x_wconf 91' lang='lat' dir='ltr'><strong>hinc</strong></span> <span class='ocrx_word' id='word_1_68' title='bbox 937 835 1158 886; x_wconf 88' lang='lat' dir='ltr'><strong>eandem</strong></span> <span class='ocrx_word' id='word_1_69' title='bbox 1193 854 1302 888; x_wconf 92' lang='lat' dir='ltr'><strong>non</strong></span> <span class='ocrx_word' id='word_1_70' title='bbox 1338 848 1396 888; x_wconf 89' lang='lat' dir='ltr'><strong>ut</strong></span> <span class='ocrx_word' id='word_1_71' title='bbox 1433 842 1787 904; x_wconf 80' lang='lat' dir='ltr'><strong>essentialem,</strong></span> <span class='ocrx_word' id='word_1_72' title='bbox 1829 847 1925 899; x_wconf 83' lang='lat' dir='ltr'><strong>sed</strong></span> 
     </span>
     <span class='ocr_line' id='line_1_11' title="bbox 48 904 1925 980; baseline 0.003 -25"><span class='ocrx_word' id='word_1_73' title='bbox 48 904 436 974; x_wconf 86' lang='lat' dir='ltr'><strong>diagnosticam</strong></span> <span class='ocrx_word' id='word_1_74' title='bbox 499 907 833 957; x_wconf 86' lang='lat' dir='ltr'>solummodo</span> <span class='ocrx_word' id='word_1_75' title='bbox 896 905 1185 967; x_wconf 91' lang='lat' dir='ltr'><strong>habemus,</strong></span> <span class='ocrx_word' id='word_1_76' title='bbox 1270 925 1373 976; x_wconf 83' lang='lat' dir='ltr'><strong>qua</strong></span> <span class='ocrx_word' id='word_1_77' title='bbox 1431 908 1684 960; x_wconf 84' lang='lat' dir='ltr'><strong>nimirum</strong></span> <span class='ocrx_word' id='word_1_78' title='bbox 1747 916 1925 980; x_wconf 80' lang='lat' dir='ltr'><strong>primo</strong></span> 
     </span>
     <span class='ocr_line' id='line_1_12' title="bbox 49 976 1924 1054; baseline 0.006 -30"><span class='ocrx_word' id='word_1_79' title='bbox 49 987 266 1043; x_wconf 79' lang='lat' dir='ltr'><strong>aspectu</strong></span> <span class='ocrx_word' id='word_1_80' title='bbox 302 992 500 1042; x_wconf 76' lang='lat' dir='ltr'><strong>genera</strong></span> <span class='ocrx_word' id='word_1_81' title='bbox 541 988 753 1037; x_wconf 79' lang='lat' dir='ltr'><strong>nostra,</strong></span> <span class='ocrx_word' id='word_1_82' title='bbox 794 987 849 1026; x_wconf 91' lang='lat' dir='ltr'><strong>et</strong></span> <span class='ocrx_word' id='word_1_83' title='bbox 886 977 1150 1043; x_wconf 81' lang='lat' dir='ltr'>imprimis</span> <span class='ocrx_word' id='word_1_84' title='bbox 1174 976 1359 1028; x_wconf 81' lang='lat' dir='ltr'><strong>colore</strong></span> <span class='ocrx_word' id='word_1_85' title='bbox 1398 977 1672 1046; x_wconf 82' lang='lat' dir='ltr'><strong>igneo-vel</strong></span> <span class='ocrx_word' id='word_1_86' title='bbox 1712 987 1924 1054; x_wconf 83' lang='lat' dir='ltr'><strong>sangui-</strong></span> 
     </span>
     <span class='ocr_line' id='line_1_13' title="bbox 44 1044 1931 1125; baseline 0.003 -32"><span class='ocrx_word' id='word_1_87' title='bbox 44 1044 363 1096; x_wconf 84' lang='lat' dir='ltr'><strong>neo-rubro</strong></span> <span class='ocrx_word' id='word_1_88' title='bbox 415 1047 736 1096; x_wconf 86' lang='lat' dir='ltr'><strong>Ustaliae</strong></span> <span class='ocrx_word' id='word_1_89' title='bbox 785 1046 1054 1114; x_wconf 87' lang='lat' dir='ltr'><strong>speciem,</strong></span> <span class='ocrx_word' id='word_1_90' title='bbox 1114 1047 1279 1097; x_wconf 83' lang='lat' dir='ltr'><strong>rubro</strong></span> <span class='ocrx_word' id='word_1_91' title='bbox 1329 1047 1585 1100; x_wconf 82' lang='lat' dir='ltr'><strong>dilutiore</strong></span> <span class='ocrx_word' id='word_1_92' title='bbox 1622 1051 1931 1125; x_wconf 81' lang='lat' dir='ltr'><strong>Dioryg-</strong></span> 
     </span>
     <span class='ocr_line' id='line_1_14' title="bbox 46 1115 1926 1186; baseline 0.006 -22"><span class='ocrx_word' id='word_1_93' title='bbox 46 1115 282 1175; x_wconf 84' lang='lat' dir='ltr'><strong>matis,</strong></span> <span class='ocrx_word' id='word_1_94' title='bbox 321 1116 477 1183; x_wconf 86' lang='lat' dir='ltr'><strong>nigro</strong></span> <span class='ocrx_word' id='word_1_95' title='bbox 515 1118 990 1183; x_wconf 85' lang='lat' dir='ltr'><strong>Leiogramma</strong></span> <span class='ocrx_word' id='word_1_96' title='bbox 1009 1117 1103 1166; x_wconf 83' lang='lat' dir='ltr'><strong>tis</strong></span> <span class='ocrx_word' id='word_1_97' title='bbox 1141 1117 1382 1184; x_wconf 88' lang='lat' dir='ltr'><strong>speciem</strong></span> <span class='ocrx_word' id='word_1_98' title='bbox 1419 1136 1690 1186; x_wconf 81' lang='lat' dir='ltr'><strong>agnoscas.</strong></span> <span class='ocrx_word' id='word_1_99' title='bbox 1767 1125 1926 1177; x_wconf 87' lang='lat' dir='ltr'><strong>Thal-</strong></span> 
     </span>
     <span class='ocr_line' id='line_1_15' title="bbox 45 1183 1924 1263; baseline 0.007 -31"><span class='ocrx_word' id='word_1_100' title='bbox 45 1183 130 1233; x_wconf 91' lang='lat' dir='ltr'><strong>lus</strong></span> <span class='ocrx_word' id='word_1_101' title='bbox 169 1187 511 1247; x_wconf 86' lang='lat' dir='ltr'><strong>Ustaliae,</strong></span> <span class='ocrx_word' id='word_1_102' title='bbox 551 1187 596 1235; x_wconf 89' lang='lat' dir='ltr'><strong>si</strong></span> <span class='ocrx_word' id='word_1_103' title='bbox 633 1188 843 1236; x_wconf 86' lang='lat' dir='ltr'><strong>unicam</strong></span> <span class='ocrx_word' id='word_1_104' title='bbox 881 1187 1120 1254; x_wconf 86' lang='lat' dir='ltr'><strong>speciem</strong></span> <span class='ocrx_word' id='word_1_105' title='bbox 1156 1188 1326 1238; x_wconf 90' lang='lat' dir='ltr'><strong>minus</strong></span> <span class='ocrx_word' id='word_1_106' title='bbox 1364 1190 1627 1241; x_wconf 85' lang='lat' dir='ltr'><strong>evolutam</strong></span> <span class='ocrx_word' id='word_1_107' title='bbox 1666 1194 1924 1263; x_wconf 80' lang='lat' dir='ltr'>excipias,</span> 
     </span>
     <span class='ocr_line' id='line_1_16' title="bbox 46 1254 922 1307; baseline 0.002 -2"><span class='ocrx_word' id='word_1_108' title='bbox 46 1254 302 1305; x_wconf 73' lang='lat' dir='ltr'><strong>similiter</strong></span> <span class='ocrx_word' id='word_1_109' title='bbox 334 1257 476 1306; x_wconf 86' lang='lat' dir='ltr'><strong>laete</strong></span> <span class='ocrx_word' id='word_1_110' title='bbox 511 1256 780 1306; x_wconf 83' lang='lat' dir='ltr'><strong>coloratus</strong></span> <span class='ocrx_word' id='word_1_111' title='bbox 825 1269 922 1307; x_wconf 87' lang='lat' dir='ltr'><strong>est.</strong></span> 
     </span>
    </p>
   </div>
   <div class='ocr_carea' id='block_1_3' title="bbox 42 1345 2006 1699">
    <p class='ocr_par' dir='ltr' id='par_1_3' title="bbox 42 1345 2006 1699">
     <span class='ocr_line' id='line_1_17' title="bbox 185 1345 1924 1420; baseline 0.006 -28"><span class='ocrx_word' id='word_1_112' title='bbox 185 1345 244 1393; x_wconf 90' lang='lat' dir='ltr'><strong>In</strong></span> <span class='ocrx_word' id='word_1_113' title='bbox 283 1345 736 1412; x_wconf 82' lang='lat' dir='ltr'><strong>Diorygmate</strong></span> <span class='ocrx_word' id='word_1_114' title='bbox 773 1345 1086 1396; x_wconf 81' lang='lat' dir='ltr'><strong>fasciato</strong></span> <span class='ocrx_word' id='word_1_115' title='bbox 1125 1345 1406 1412; x_wconf 73' lang='lat' dir='ltr'><strong>apothecis</strong></span> <span class='ocrx_word' id='word_1_116' title='bbox 1440 1347 1551 1396; x_wconf 87' lang='lat' dir='ltr'><strong>vidi</strong></span> <span class='ocrx_word' id='word_1_117' title='bbox 1587 1348 1796 1414; x_wconf 82' lang='lat' dir='ltr'><strong>juniora</strong></span> <span class='ocrx_word' id='word_1_118' title='bbox 1833 1369 1924 1420; x_wconf 80' lang='lat' dir='ltr'><strong>cy-</strong></span> 
     </span>
     <span class='ocr_line' id='line_1_18' title="bbox 45 1409 1927 1491; baseline 0.006 -30"><span class='ocrx_word' id='word_1_119' title='bbox 45 1409 308 1474; x_wconf 84' lang='lat' dir='ltr'><strong>lindriea,</strong></span> <span class='ocrx_word' id='word_1_120' title='bbox 361 1416 414 1463; x_wconf 90' lang='lat' dir='ltr'><strong>in</strong></span> <span class='ocrx_word' id='word_1_121' title='bbox 454 1416 629 1464; x_wconf 83' lang='lat' dir='ltr'><strong>medio</strong></span> <span class='ocrx_word' id='word_1_122' title='bbox 679 1432 795 1465; x_wconf 90' lang='lat' dir='ltr'><strong>sese</strong></span> <span class='ocrx_word' id='word_1_123' title='bbox 833 1415 1301 1481; x_wconf 82' lang='lat' dir='ltr'><strong>longitudinaliter</strong></span> <span class='ocrx_word' id='word_1_124' title='bbox 1350 1417 1742 1484; x_wconf 84' lang='lat' dir='ltr'><strong>adaperientia,</strong></span> <span class='ocrx_word' id='word_1_125' title='bbox 1781 1424 1927 1491; x_wconf 88' lang='lat' dir='ltr'><strong>quod</strong></span> 
     </span>
     <span class='ocr_line' id='line_1_19' title="bbox 42 1484 2006 1560; baseline 0.005 -28"><span class='ocrx_word' id='word_1_126' title='bbox 42 1499 110 1532; x_wconf 69' lang='lat' dir='ltr'><strong>nn</strong></span> <span class='ocrx_word' id='word_1_127' title='bbox 147 1500 317 1552; x_wconf 88' lang='lat' dir='ltr'><strong>aeque</strong></span> <span class='ocrx_word' id='word_1_128' title='bbox 356 1486 426 1534; x_wconf 87' lang='lat' dir='ltr'><strong>sit</strong></span> <span class='ocrx_word' id='word_1_129' title='bbox 462 1486 516 1533; x_wconf 91' lang='lat' dir='ltr'><strong>in</strong></span> <span class='ocrx_word' id='word_1_130' title='bbox 554 1485 673 1533; x_wconf 86' lang='lat' dir='ltr'><strong>aliis</strong></span> <span class='ocrx_word' id='word_1_131' title='bbox 712 1484 1029 1552; x_wconf 81' lang='lat' dir='ltr'><strong>speciebus,</strong></span> <span class='ocrx_word' id='word_1_132' title='bbox 1082 1503 1190 1534; x_wconf 90' lang='lat' dir='ltr'><strong>non</strong></span> <span class='ocrx_word' id='word_1_133' title='bbox 1229 1484 1434 1554; x_wconf 83' lang='lat' dir='ltr'><strong>liquet3</strong></span> <span class='ocrx_word' id='word_1_134' title='bbox 1485 1489 1677 1538; x_wconf 86' lang='lat' dir='ltr'><strong>exinde</strong></span> <span class='ocrx_word' id='word_1_135' title='bbox 1728 1492 1925 1560; x_wconf 83' lang='lat' dir='ltr'><strong>dijudi-</strong></span> <span class='ocrx_word' id='word_1_136' title='bbox 2003 1508 2006 1512; x_wconf 88' lang='grc'><strong><em>’</em></strong></span> 
     </span>
     <span class='ocr_line' id='line_1_20' title="bbox 46 1554 1927 1621; baseline 0.004 -20"><span class='ocrx_word' id='word_1_137' title='bbox 46 1567 170 1602; x_wconf 79' lang='lat' dir='ltr'><strong>care</strong></span> <span class='ocrx_word' id='word_1_138' title='bbox 208 1571 317 1603; x_wconf 89' lang='lat' dir='ltr'><strong>non</strong></span> <span class='ocrx_word' id='word_1_139' title='bbox 351 1572 669 1621; x_wconf 90' lang='lat' dir='ltr'><strong>possumus,</strong></span> <span class='ocrx_word' id='word_1_140' title='bbox 726 1573 790 1603; x_wconf 83' lang='lat' dir='ltr'><strong>an</strong></span> <span class='ocrx_word' id='word_1_141' title='bbox 843 1554 1056 1621; x_wconf 88' lang='lat' dir='ltr'><strong>species</strong></span> <span class='ocrx_word' id='word_1_142' title='bbox 1111 1555 1199 1603; x_wconf 86' lang='lat' dir='ltr'><strong>illa</strong></span> <span class='ocrx_word' id='word_1_143' title='bbox 1239 1556 1308 1605; x_wconf 91' lang='lat' dir='ltr'><strong>ob</strong></span> <span class='ocrx_word' id='word_1_144' title='bbox 1347 1557 1672 1608; x_wconf 79' lang='lat' dir='ltr'><strong>evolationis</strong></span> <span class='ocrx_word' id='word_1_145' title='bbox 1708 1564 1927 1614; x_wconf 85' lang='lat' dir='ltr'><strong>modum</strong></span> 
     </span>
     <span class='ocr_line' id='line_1_21' title="bbox 46 1621 1928 1699; baseline 0.006 -28"><span class='ocrx_word' id='word_1_146' title='bbox 46 1621 338 1673; x_wconf 85' lang='lat' dir='ltr'><strong>indicatum</strong></span> <span class='ocrx_word' id='word_1_147' title='bbox 380 1624 690 1692; x_wconf 85' lang='lat' dir='ltr'><strong>colorisque</strong></span> <span class='ocrx_word' id='word_1_148' title='bbox 726 1622 1090 1673; x_wconf 76' lang='lat' dir='ltr'><strong>differentiam</strong></span> <span class='ocrx_word' id='word_1_149' title='bbox 1136 1625 1218 1674; x_wconf 90' lang='lat' dir='ltr'><strong>sui</strong></span> <span class='ocrx_word' id='word_1_150' title='bbox 1254 1627 1470 1692; x_wconf 85' lang='lat' dir='ltr'><strong>generis</strong></span> <span class='ocrx_word' id='word_1_151' title='bbox 1509 1629 1768 1681; x_wconf 83' lang='lat' dir='ltr'><strong>constitui</strong></span> <span class='ocrx_word' id='word_1_152' title='bbox 1803 1650 1928 1699; x_wconf 88' lang='lat' dir='ltr'><strong>pos-</strong></span> 
     </span>
    </p>
   </div>
   <div class='ocr_carea' id='block_1_4' title="bbox 43 1692 1928 1814">
    <p class='ocr_par' dir='ltr' id='par_1_4' title="bbox 43 1692 1928 1814">
     <span class='ocr_line' id='line_1_22' title="bbox 45 1692 1928 1812; baseline 0.006 -71"><span class='ocrx_word' id='word_1_153' title='bbox 45 1692 146 1812; x_wconf 56' lang='grc' dir='ltr'><strong>ῧῑ,</strong></span> <span class='ocrx_word' id='word_1_154' title='bbox 186 1693 449 1811; x_wconf 43' lang='lat' dir='ltr'><strong>ult-forma</strong></span> <span class='ocrx_word' id='word_1_155' title='bbox 498 1697 900 1745; x_wconf 87' lang='lat' dir='ltr'><strong>Lecanorae</strong></span> <span class='ocrx_word' id='word_1_156' title='bbox 932 1695 1170 1763; x_wconf 69' lang='lat' dir='ltr'><strong>&#39;analoga</strong></span> <span class='ocrx_word' id='word_1_157' title='bbox 1221 1705 1278 1744; x_wconf 91' lang='lat' dir='ltr'><strong>et</strong></span> <span class='ocrx_word' id='word_1_158' title='bbox 1322 1697 1490 1767; x_wconf 82' lang='lat' dir='ltr'><strong>magis</strong></span> <span class='ocrx_word' id='word_1_159' title='bbox 1525 1698 1733 1751; x_wconf 84' lang='lat' dir='ltr'><strong>evoluta</strong></span> <span class='ocrx_word' id='word_1_160' title='bbox 1771 1720 1928 1774; x_wconf 84' lang='lat' dir='ltr'><strong>quam</strong></span> 
     </span>
     <span class='ocr_line' id='line_1_23' title="bbox 43 1773 334 1814; baseline 0.003 -2"><span class='ocrx_word' id='word_1_161' title='bbox 43 1773 46 1775; x_wconf 71' lang='grc'><strong><em>’</em></strong></span> <span class='ocrx_word' id='word_1_162' title='bbox 110 1773 209 1813; x_wconf 86' lang='lat' dir='ltr'><strong>sta</strong></span> <span class='ocrx_word' id='word_1_163' title='bbox 256 1781 334 1814; x_wconf 80' lang='lat' dir='ltr'><strong>ia.</strong></span> 
     </span>
    </p>
   </div>
   <div class='ocr_carea' id='block_1_5' title="bbox 42 1852 1928 2139">
    <p class='ocr_par' dir='ltr' id='par_1_5' title="bbox 42 1852 1928 2139">
     <span class='ocr_line' id='line_1_24' title="bbox 186 1852 1928 1927; baseline 0.005 -25"><span class='ocrx_word' id='word_1_164' title='bbox 186 1852 361 1920; x_wconf 89' lang='lat' dir='ltr'><strong>Hujus</strong></span> <span class='ocrx_word' id='word_1_165' title='bbox 413 1852 550 1902; x_wconf 85' lang='lat' dir='ltr'><strong>loci:</strong></span> <span class='ocrx_word' id='word_1_166' title='bbox 604 1853 910 1920; x_wconf 85' lang='lat' dir='ltr'><strong>Graphis</strong></span> <span class='ocrx_word' id='word_1_167' title='bbox 963 1852 1328 1915; x_wconf 82' lang='lat' dir='ltr'><strong>caribaea,</strong></span> <span class='ocrx_word' id='word_1_168' title='bbox 1381 1853 1523 1905; x_wconf 80' lang='lat' dir='ltr'><strong>Ach.</strong></span> <span class='ocrx_word' id='word_1_169' title='bbox 1570 1853 1705 1925; x_wconf 63' lang='lat' dir='ltr'><strong>Syn.</strong></span> <span class='ocrx_word' id='word_1_170' title='bbox 1745 1876 1802 1927; x_wconf 85' lang='lat' dir='ltr'><strong>p.</strong></span> <span class='ocrx_word' id='word_1_171' title='bbox 1842 1860 1928 1912; x_wconf 82' lang='lat'><strong>86.</strong></span> 
     </span>
     <span class='ocr_line' id='line_1_25' title="bbox 53 1917 1928 1996; baseline 0.004 -24"><span class='ocrx_word' id='word_1_172' title='bbox 53 1917 158 1972; x_wconf 81' lang='lat' dir='ltr'><strong>Fe&#39;e</strong></span> <span class='ocrx_word' id='word_1_173' title='bbox 187 1920 224 1970; x_wconf 89' lang='lat' dir='ltr'><strong>l.</strong></span> <span class='ocrx_word' id='word_1_174' title='bbox 255 1939 298 1971; x_wconf 89' lang='lat' dir='ltr'><strong>c.</strong></span> <span class='ocrx_word' id='word_1_175' title='bbox 330 1940 384 1986; x_wconf 85' lang='lat' dir='ltr'><strong>p.</strong></span> <span class='ocrx_word' id='word_1_176' title='bbox 412 1923 497 1983; x_wconf 85' lang='grc'><strong>43.</strong></span> <span class='ocrx_word' id='word_1_177' title='bbox 531 1921 639 1971; x_wconf 78' lang='lat' dir='ltr'><strong>tab.</strong></span> <span class='ocrx_word' id='word_1_178' title='bbox 673 1917 850 1991; x_wconf 77' lang='lat' dir='ltr'><strong>7.fig.</strong></span> <span class='ocrx_word' id='word_1_179' title='bbox 881 1931 969 1988; x_wconf 73' lang='lat'><strong>4.‚·</strong></span> <span class='ocrx_word' id='word_1_180' title='bbox 1010 1925 1120 1975; x_wconf 88' lang='lat' dir='ltr'><strong>Gr.</strong></span> <span class='ocrx_word' id='word_1_181' title='bbox 1159 1922 1530 1987; x_wconf 87' lang='lat' dir='ltr'><strong>coccinea,</strong></span> <span class='ocrx_word' id='word_1_182' title='bbox 1569 1925 1719 1991; x_wconf 78' lang='lat' dir='ltr'><strong>Holl,</strong></span> <span class='ocrx_word' id='word_1_183' title='bbox 1750 1928 1928 1996; x_wconf 76' lang='lat' dir='ltr'><strong>Ephe·</strong></span> 
     </span>
     <span class='ocr_line' id='line_1_26' title="bbox 45 1990 1928 2060; baseline 0.003 -18"><span class='ocrx_word' id='word_1_184' title='bbox 45 2010 178 2045; x_wconf 78' lang='lat' dir='ltr'><strong>mer.</strong></span> <span class='ocrx_word' id='word_1_185' title='bbox 205 2009 312 2041; x_wconf 83' lang='lat' dir='ltr'><strong>soc.</strong></span> <span class='ocrx_word' id='word_1_186' title='bbox 344 1991 450 2042; x_wconf 80' lang='lat' dir='ltr'><strong>bot.</strong></span> <span class='ocrx_word' id='word_1_187' title='bbox 478 1990 687 2042; x_wconf 55' lang='lat' dir='ltr'><strong>Ratis&amp;</strong></span> <span class='ocrx_word' id='word_1_188' title='bbox 734 1995 879 2054; x_wconf 71' lang='lat'><strong>1824.</strong></span> <span class='ocrx_word' id='word_1_189' title='bbox 907 2012 963 2060; x_wconf 82' lang='lat' dir='ltr'><strong>p.</strong></span> <span class='ocrx_word' id='word_1_190' title='bbox 987 2002 1144 2060; x_wconf 69' lang='grc'><strong>249.,·</strong></span> <span class='ocrx_word' id='word_1_191' title='bbox 1186 1995 1286 2045; x_wconf 84' lang='lat' dir='ltr'><strong>Gr.</strong></span> <span class='ocrx_word' id='word_1_192' title='bbox 1328 1993 1620 2058; x_wconf 79' lang='lat' dir='ltr'><strong>distans,</strong></span> <span class='ocrx_word' id='word_1_193' title='bbox 1664 1995 1766 2048; x_wconf 84' lang='lat' dir='ltr'><strong>Fe&#39;e</strong></span> <span class='ocrx_word' id='word_1_194' title='bbox 1801 1998 1839 2055; x_wconf 84' lang='lat' dir='ltr'><strong>l.</strong></span> <span class='ocrx_word' id='word_1_195' title='bbox 1878 2019 1928 2054; x_wconf 80' lang='lat' dir='ltr'><strong>c.</strong></span> 
     </span>
     <span class='ocr_line' id='line_1_27' title="bbox 42 2060 1924 2139; baseline 0.004 -26"><span class='ocrx_word' id='word_1_196' title='bbox 42 2079 102 2124; x_wconf 78' lang='grc' dir='ltr'><strong>ρ.</strong></span> <span class='ocrx_word' id='word_1_197' title='bbox 131 2071 200 2124; x_wconf 82' lang='grc'><strong>44</strong></span> <span class='ocrx_word' id='word_1_198' title='bbox 227 2075 282 2114; x_wconf 87' lang='lat' dir='ltr'><strong>et</strong></span> <span class='ocrx_word' id='word_1_199' title='bbox 311 2064 416 2114; x_wconf 82' lang='lat' dir='ltr'><strong>Gr.</strong></span> <span class='ocrx_word' id='word_1_200' title='bbox 456 2064 956 2123; x_wconf 83' lang='lat' dir='ltr'><strong>cinnabarina,</strong></span> <span class='ocrx_word' id='word_1_201' title='bbox 997 2060 1101 2112; x_wconf 82' lang='lat' dir='ltr'><strong>Fe&#39;e</strong></span> <span class='ocrx_word' id='word_1_202' title='bbox 1137 2061 1172 2112; x_wconf 88' lang='lat' dir='ltr'><strong>I.</strong></span> <span class='ocrx_word' id='word_1_203' title='bbox 1208 2081 1252 2113; x_wconf 77' lang='lat' dir='ltr'><strong>c·</strong></span> <span class='ocrx_word' id='word_1_204' title='bbox 1283 2082 1340 2131; x_wconf 79' lang='lat' dir='ltr'><strong>p.</strong></span> <span class='ocrx_word' id='word_1_205' title='bbox 1370 2074 1455 2127; x_wconf 90' lang='grc'><strong>44.</strong></span> <span class='ocrx_word' id='word_1_206' title='bbox 1493 2065 1602 2116; x_wconf 83' lang='lat' dir='ltr'><strong>tab.</strong></span> <span class='ocrx_word' id='word_1_207' title='bbox 1644 2063 1924 2139; x_wconf 73' lang='lat' dir='ltr'><strong>13.fig.4.</strong></span> 
     </span>
    </p>
   </div>
   <div class='ocr_carea' id='block_1_6' title="bbox 45 2133 1928 2257">
    <p class='ocr_par' dir='ltr' id='par_1_6' title="bbox 45 2133 1928 2257">
     <span class='ocr_line' id='line_1_28' title="bbox 45 2133 1928 2254; baseline 0.005 -71"><span class='ocrx_word' id='word_1_208' title='bbox 45 2135 133 2254; x_wconf 55' lang='lat' dir='ltr'><strong>Di?</strong></span> <span class='ocrx_word' id='word_1_209' title='bbox 159 2134 459 2200; x_wconf 85' lang='lat' dir='ltr'><strong>synonymis</strong></span> <span class='ocrx_word' id='word_1_210' title='bbox 479 2138 534 2184; x_wconf 88' lang='grc' dir='ltr'><strong>Μ</strong></span> <span class='ocrx_word' id='word_1_211' title='bbox 551 2151 579 2185; x_wconf 89' lang='lat' dir='ltr'><strong>e</strong></span> <span class='ocrx_word' id='word_1_212' title='bbox 594 2152 624 2201; x_wconf 84' lang='lat' dir='ltr'>y</span> <span class='ocrx_word' id='word_1_213' title='bbox 642 2153 670 2186; x_wconf 92' lang='lat' dir='ltr'><strong>e</strong></span> <span class='ocrx_word' id='word_1_214' title='bbox 689 2134 747 2184; x_wconf 83' lang='lat' dir='ltr'><strong>ri</strong></span> <span class='ocrx_word' id='word_1_215' title='bbox 785 2134 960 2186; x_wconf 86' lang='lat' dir='ltr'><strong>citatis</strong></span> <span class='ocrx_word' id='word_1_216' title='bbox 1000 2133 1097 2184; x_wconf 81' lang='lat' dir='ltr'><strong>cfr.</strong></span> <span class='ocrx_word' id='word_1_217' title='bbox 1136 2133 1200 2185; x_wconf 90' lang='lat' dir='ltr'><strong>ad</strong></span> <span class='ocrx_word' id='word_1_218' title='bbox 1235 2151 1404 2203; x_wconf 87' lang='lat' dir='ltr'><strong>genus</strong></span> <span class='ocrx_word' id='word_1_219' title='bbox 1437 2138 1482 2186; x_wconf 78' lang='lat'><strong>1..</strong></span> <span class='ocrx_word' id='word_1_220' title='bbox 1501 2137 1563 2187; x_wconf 85' lang='lat' dir='ltr'><strong>ei</strong></span> <span class='ocrx_word' id='word_1_221' title='bbox 1583 2155 1615 2189; x_wconf 95' lang='lat' dir='ltr'>o</span> <span class='ocrx_word' id='word_1_222' title='bbox 1634 2155 1667 2207; x_wconf 90' lang='lat' dir='ltr'><strong>g</strong></span> <span class='ocrx_word' id='word_1_223' title='bbox 1681 2157 1749 2189; x_wconf 80' lang='lat' dir='ltr'><strong>ra</strong></span> <span class='ocrx_word' id='word_1_224' title='bbox 1769 2159 1820 2190; x_wconf 88' lang='lat' dir='ltr'><strong>m</strong></span> <span class='ocrx_word' id='word_1_225' title='bbox 1834 2159 1883 2191; x_wconf 88' lang='lat' dir='ltr'><strong>m</strong></span> <span class='ocrx_word' id='word_1_226' title='bbox 1900 2162 1928 2193; x_wconf 76' lang='lat' dir='ltr'><strong>a</strong></span> 
     </span>
     <span class='ocr_line' id='line_1_29' title="bbox 50 2215 349 2257; baseline -0.003 -3"><span class='ocrx_word' id='word_1_227' title='bbox 50 2219 82 2254; x_wconf 89' lang='lat' dir='ltr'>o</span> <span class='ocrx_word' id='word_1_228' title='bbox 125 2215 349 2257; x_wconf 82' lang='lat' dir='ltr'><strong>servata.</strong></span> 
     </span>
    </p>
   </div>
   <div class='ocr_carea' id='block_1_7' title="bbox 523 2336 1464 2394">
    <p class='ocr_par' dir='ltr' id='par_1_7' title="bbox 523 2336 1464 2394">
     <span class='ocr_line' id='line_1_30' title="bbox 523 2336 1464 2394; baseline 0.002 -11"><span class='ocrx_word' id='word_1_229' title='bbox 523 2344 563 2383; x_wconf 85' lang='lat'><strong>1.</strong></span> <span class='ocrx_word' id='word_1_230' title='bbox 606 2336 942 2388; x_wconf 69' lang='lat' dir='ltr'><strong>&#39;us&#39;rAmA</strong></span> <span class='ocrx_word' id='word_1_231' title='bbox 1002 2349 1385 2389; x_wconf 76' lang='lat' dir='ltr'><strong>GRAc1ms.</strong></span> <span class='ocrx_word' id='word_1_232' title='bbox 1432 2339 1464 2394; x_wconf 61' lang='grc'><strong>’1-</strong></span> 
     </span>
    </p>
   </div>
   <div class='ocr_carea' id='block_1_8' title="bbox 48 2435 1933 2644">
    <p class='ocr_par' dir='ltr' id='par_1_8' title="bbox 48 2435 1933 2644">
     <span class='ocr_line' id='line_1_31' title="bbox 189 2435 1933 2503; baseline 0.004 -17"><span class='ocrx_word' id='word_1_233' title='bbox 189 2436 253 2486; x_wconf 84' lang='lat' dir='ltr'><strong>U.</strong></span> <span class='ocrx_word' id='word_1_234' title='bbox 292 2448 469 2486; x_wconf 84' lang='lat' dir='ltr'><strong>crusta</strong></span> <span class='ocrx_word' id='word_1_235' title='bbox 511 2436 767 2487; x_wconf 88' lang='lat' dir='ltr'><strong>laminosa</strong></span> <span class='ocrx_word' id='word_1_236' title='bbox 806 2435 1011 2493; x_wconf 78' lang='lat' dir='ltr'><strong>albida,</strong></span> <span class='ocrx_word' id='word_1_237' title='bbox 1051 2436 1352 2503; x_wconf 84' lang='lat' dir='ltr'><strong>apotheciis</strong></span> <span class='ocrx_word' id='word_1_238' title='bbox 1388 2437 1760 2491; x_wconf 84' lang='lat' dir='ltr'><strong>minutissimis</strong></span> <span class='ocrx_word' id='word_1_239' title='bbox 1802 2457 1933 2493; x_wconf 86' lang='lat' dir='ltr'><strong>con·</strong></span> 
     </span>
     <span class='ocr_line' id='line_1_32' title="bbox 51 2504 1932 2572; baseline 0.006 -19"><span class='ocrx_word' id='word_1_240' title='bbox 51 2504 211 2556; x_wconf 83' lang='lat' dir='ltr'><strong>fertis</strong></span> <span class='ocrx_word' id='word_1_241' title='bbox 260 2505 555 2556; x_wconf 82' lang='lat' dir='ltr'><strong>linearibus</strong></span> <span class='ocrx_word' id='word_1_242' title='bbox 592 2506 846 2557; x_wconf 88' lang='lat' dir='ltr'><strong>flexuosis</strong></span> <span class='ocrx_word' id='word_1_243' title='bbox 881 2505 1046 2556; x_wconf 86' lang='lat' dir='ltr'><strong>bifide</strong></span> <span class='ocrx_word' id='word_1_244' title='bbox 1084 2506 1402 2557; x_wconf 83' lang='lat' dir='ltr'><strong>stellatimve</strong></span> <span class='ocrx_word' id='word_1_245' title='bbox 1442 2510 1695 2572; x_wconf 83' lang='lat' dir='ltr'><strong>ramosis,</strong></span> <span class='ocrx_word' id='word_1_246' title='bbox 1757 2512 1932 2564; x_wconf 79' lang='lat' dir='ltr'><strong>rarius</strong></span> 
     </span>
     <span class='ocr_line' id='line_1_33' title="bbox 48 2575 1757 2644; baseline 0.004 -19"><span class='ocrx_word' id='word_1_247' title='bbox 48 2575 535 2642; x_wconf 79' lang='lat' dir='ltr'><strong>punctiformibus,</strong></span> <span class='ocrx_word' id='word_1_248' title='bbox 579 2576 1031 2636; x_wconf 78' lang='lat' dir='ltr'><strong>vinoso-rubris,</strong></span> <span class='ocrx_word' id='word_1_249' title='bbox 1083 2577 1295 2626; x_wconf 89' lang='lat' dir='ltr'><strong>demum</strong></span> <span class='ocrx_word' id='word_1_250' title='bbox 1333 2578 1757 2644; x_wconf 84' lang='lat' dir='ltr'><strong>prosilientibus.</strong></span> 
     </span>
    </p>
   </div>
   <div class='ocr_carea' id='block_1_9' title="bbox 166 2661 1666 2736">
    <p class='ocr_par' dir='ltr' id='par_1_9' title="bbox 166 2661 1666 2736">
     <span class='ocr_line' id='line_1_34' title="bbox 166 2661 1666 2736; baseline 0.001 -21"><span class='ocrx_word' id='word_1_251' title='bbox 166 2665 423 2731; x_wconf 86' lang='lat' dir='ltr'><strong>·Graphis</strong></span> <span class='ocrx_word' id='word_1_252' title='bbox 461 2665 669 2715; x_wconf 86' lang='lat' dir='ltr'><strong>rubella</strong></span> <span class='ocrx_word' id='word_1_253' title='bbox 695 2703 708 2728; x_wconf 92' lang='lat'><strong>,</strong></span> <span class='ocrx_word' id='word_1_254' title='bbox 753 2663 857 2714; x_wconf 80' lang='lat' dir='ltr'><strong>Fe&#39;e</strong></span> <span class='ocrx_word' id='word_1_255' title='bbox 890 2663 925 2715; x_wconf 85' lang='lat' dir='ltr'><strong>l.</strong></span> <span class='ocrx_word' id='word_1_256' title='bbox 959 2683 1003 2714; x_wconf 79' lang='lat' dir='ltr'><strong>o.</strong></span> <span class='ocrx_word' id='word_1_257' title='bbox 1035 2683 1093 2732; x_wconf 80' lang='grc' dir='ltr'><strong>ρ.</strong></span> <span class='ocrx_word' id='word_1_258' title='bbox 1127 2665 1212 2726; x_wconf 84' lang='grc'><strong>43.</strong></span> <span class='ocrx_word' id='word_1_259' title='bbox 1248 2664 1358 2715; x_wconf 81' lang='lat' dir='ltr'><strong>tab.</strong></span> <span class='ocrx_word' id='word_1_260' title='bbox 1391 2684 1440 2732; x_wconf 81' lang='lat' dir='ltr'><strong>q.</strong></span> <span class='ocrx_word' id='word_1_261' title='bbox 1465 2661 1576 2736; x_wconf 82' lang='lat' dir='ltr'><strong>fig.</strong></span> <span class='ocrx_word' id='word_1_262' title='bbox 1615 2669 1666 2720; x_wconf 90' lang='lat'><strong>5.</strong></span> 
     </span>
    </p>
   </div>
   <div class='ocr_carea' id='block_1_10' title="bbox 51 2754 1935 3625">
    <p class='ocr_par' dir='ltr' id='par_1_10' title="bbox 51 2754 1935 3383">
     <span class='ocr_line' id='line_1_35' title="bbox 189 2754 1933 2815; baseline 0.004 -11"><span class='ocrx_word' id='word_1_263' title='bbox 189 2754 410 2804; x_wconf 83' lang='lat' dir='ltr'><strong>Thallus</strong></span> <span class='ocrx_word' id='word_1_264' title='bbox 450 2766 788 2815; x_wconf 84' lang='lat' dir='ltr'><strong>crustaceus,</strong></span> <span class='ocrx_word' id='word_1_265' title='bbox 824 2754 1037 2812; x_wconf 85' lang='lat' dir='ltr'><strong>tenuis,</strong></span> <span class='ocrx_word' id='word_1_266' title='bbox 1077 2754 1141 2804; x_wconf 88' lang='lat' dir='ltr'><strong>ad</strong></span> <span class='ocrx_word' id='word_1_267' title='bbox 1178 2754 1437 2805; x_wconf 81' lang='lat' dir='ltr'><strong>corticem</strong></span> <span class='ocrx_word' id='word_1_268' title='bbox 1475 2758 1827 2809; x_wconf 84' lang='lat' dir='ltr'><strong>vetustiorem</strong></span> <span class='ocrx_word' id='word_1_269' title='bbox 1875 2761 1933 2811; x_wconf 87' lang='lat' dir='ltr'><strong>in</strong></span> 
     </span>
     <span class='ocr_line' id='line_1_36' title="bbox 51 2824 1933 2893; baseline 0.003 -19"><span class='ocrx_word' id='word_1_270' title='bbox 51 2824 342 2876; x_wconf 80' lang='lat' dir='ltr'><strong>lamellulas</strong></span> <span class='ocrx_word' id='word_1_271' title='bbox 380 2827 669 2886; x_wconf 86' lang='lat' dir='ltr'><strong>secedens,</strong></span> <span class='ocrx_word' id='word_1_272' title='bbox 723 2825 910 2874; x_wconf 83' lang='lat' dir='ltr'><strong>unicus</strong></span> <span class='ocrx_word' id='word_1_273' title='bbox 941 2824 1097 2891; x_wconf 84' lang='lat' dir='ltr'><strong>hujus</strong></span> <span class='ocrx_word' id='word_1_274' title='bbox 1138 2826 1353 2893; x_wconf 87' lang='lat' dir='ltr'><strong>generis</strong></span> <span class='ocrx_word' id='word_1_275' title='bbox 1393 2826 1629 2887; x_wconf 90' lang='lat' dir='ltr'><strong>albidus,</strong></span> <span class='ocrx_word' id='word_1_276' title='bbox 1672 2829 1726 2877; x_wconf 90' lang='lat' dir='ltr'><strong>in</strong></span> <span class='ocrx_word' id='word_1_277' title='bbox 1768 2830 1933 2880; x_wconf 79' lang='lat' dir='ltr'><strong>confi·</strong></span> 
     </span>
     <span class='ocr_line' id='line_1_37' title="bbox 51 2894 1930 2962; baseline 0.003 -17"><span class='ocrx_word' id='word_1_278' title='bbox 51 2895 146 2945; x_wconf 81' lang='lat' dir='ltr'><strong>nio</strong></span> <span class='ocrx_word' id='word_1_279' title='bbox 185 2895 411 2944; x_wconf 80' lang='lat' dir='ltr'><strong>aliorum</strong></span> <span class='ocrx_word' id='word_1_280' title='bbox 467 2895 1150 2962; x_wconf 80' lang='lat' dir='ltr'><strong>nigro-fusco·limitatus.</strong></span> <span class='ocrx_word' id='word_1_281' title='bbox 1223 2894 1518 2962; x_wconf 83' lang='lat' dir='ltr'><strong>Apothecia</strong></span> <span class='ocrx_word' id='word_1_282' title='bbox 1553 2898 1718 2948; x_wconf 89' lang='lat' dir='ltr'><strong>totius</strong></span> <span class='ocrx_word' id='word_1_283' title='bbox 1756 2899 1930 2951; x_wconf 69' lang='lat' dir='ltr'><strong>tribus</strong></span> 
     </span>
     <span class='ocr_line' id='line_1_38' title="bbox 53 2965 1930 3032; baseline 0.004 -18"><span class='ocrx_word' id='word_1_284' title='bbox 53 2965 442 3026; x_wconf 86' lang='lat' dir='ltr'><strong>minutissima,</strong></span> <span class='ocrx_word' id='word_1_285' title='bbox 505 2966 712 3032; x_wconf 84' lang='lat' dir='ltr'><strong>saepius</strong></span> <span class='ocrx_word' id='word_1_286' title='bbox 768 2965 1198 3026; x_wconf 85' lang='lat' dir='ltr'><strong>confertissima,</strong></span> <span class='ocrx_word' id='word_1_287' title='bbox 1257 2965 1403 3016; x_wconf 79' lang='lat' dir='ltr'><strong>vario</strong></span> <span class='ocrx_word' id='word_1_288' title='bbox 1451 2966 1610 3017; x_wconf 91' lang='lat' dir='ltr'><strong>modo</strong></span> <span class='ocrx_word' id='word_1_289' title='bbox 1647 2969 1930 3029; x_wconf 81' lang='lat' dir='ltr'><strong>ramulosa,</strong></span> 
     </span>
     <span class='ocr_line' id='line_1_39' title="bbox 54 3034 1934 3103; baseline 0.002 -18"><span class='ocrx_word' id='word_1_290' title='bbox 54 3046 114 3085; x_wconf 77' lang='lat' dir='ltr'><strong>ut</strong></span> <span class='ocrx_word' id='word_1_291' title='bbox 146 3034 233 3084; x_wconf 81' lang='lat' dir='ltr'><strong>vix</strong></span> <span class='ocrx_word' id='word_1_292' title='bbox 271 3036 428 3086; x_wconf 83' lang='lat' dir='ltr'><strong>oculo</strong></span> <span class='ocrx_word' id='word_1_293' title='bbox 465 3037 608 3085; x_wconf 84' lang='lat' dir='ltr'><strong>nudo</strong></span> <span class='ocrx_word' id='word_1_294' title='bbox 648 3036 871 3085; x_wconf 82' lang='lat' dir='ltr'><strong>formam</strong></span> <span class='ocrx_word' id='word_1_295' title='bbox 927 3035 1253 3103; x_wconf 78' lang='lat' dir='ltr'><strong>distinguas,</strong></span> <span class='ocrx_word' id='word_1_296' title='bbox 1307 3037 1668 3103; x_wconf 79' lang='lat' dir='ltr'><strong>emergentia,</strong></span> <span class='ocrx_word' id='word_1_297' title='bbox 1719 3038 1934 3089; x_wconf 86' lang='lat' dir='ltr'><strong>demum</strong></span> 
     </span>
     <span class='ocr_line' id='line_1_40' title="bbox 55 3105 1935 3174; baseline 0.002 -18"><span class='ocrx_word' id='word_1_298' title='bbox 55 3105 397 3165; x_wconf 79' lang='lat' dir='ltr'><strong>subsessilia,</strong></span> <span class='ocrx_word' id='word_1_299' title='bbox 463 3106 528 3154; x_wconf 83' lang='lat' dir='ltr'><strong>ad</strong></span> <span class='ocrx_word' id='word_1_300' title='bbox 584 3107 880 3156; x_wconf 85' lang='lat' dir='ltr'><strong>sectionem</strong></span> <span class='ocrx_word' id='word_1_301' title='bbox 939 3105 1249 3156; x_wconf 80' lang='lat' dir='ltr'><strong>verticalem</strong></span> <span class='ocrx_word' id='word_1_302' title='bbox 1307 3106 1404 3155; x_wconf 86' lang='lat' dir='ltr'><strong>sub</strong></span> <span class='ocrx_word' id='word_1_303' title='bbox 1455 3107 1600 3156; x_wconf 87' lang='lat' dir='ltr'><strong>lente</strong></span> <span class='ocrx_word' id='word_1_304' title='bbox 1638 3110 1935 3174; x_wconf 78' lang='lat' dir='ltr'><strong>composita</strong></span> 
     </span>
     <span class='ocr_line' id='line_1_41' title="bbox 54 3173 1935 3245; baseline 0.003 -22"><span class='ocrx_word' id='word_1_305' title='bbox 54 3191 174 3229; x_wconf 68' lang='lat' dir='ltr'><strong>eum</strong></span> <span class='ocrx_word' id='word_1_306' title='bbox 208 3174 530 3242; x_wconf 81' lang='lat' dir='ltr'><strong>hypothecio</strong></span> <span class='ocrx_word' id='word_1_307' title='bbox 580 3176 729 3226; x_wconf 81' lang='lat' dir='ltr'><strong>tenui</strong></span> <span class='ocrx_word' id='word_1_308' title='bbox 785 3193 984 3226; x_wconf 86' lang='lat' dir='ltr'><strong>corneo</strong></span> <span class='ocrx_word' id='word_1_309' title='bbox 1021 3175 1135 3224; x_wconf 82' lang='lat' dir='ltr'><strong>basi</strong></span> <span class='ocrx_word' id='word_1_310' title='bbox 1173 3173 1400 3224; x_wconf 80' lang='lat' dir='ltr'><strong>subinde</strong></span> <span class='ocrx_word' id='word_1_311' title='bbox 1438 3175 1723 3232; x_wconf 77' lang='lat' dir='ltr'><strong>deficiente</strong></span> <span class='ocrx_word' id='word_1_312' title='bbox 1762 3179 1935 3245; x_wconf 86' lang='lat' dir='ltr'><strong>pellu-</strong></span> 
     </span>
     <span class='ocr_line' id='line_1_42' title="bbox 56 3244 1933 3311; baseline 0.002 -17"><span class='ocrx_word' id='word_1_313' title='bbox 56 3244 212 3307; x_wconf 83' lang='lat' dir='ltr'><strong>eida,</strong></span> <span class='ocrx_word' id='word_1_314' title='bbox 269 3244 333 3294; x_wconf 90' lang='lat' dir='ltr'><strong>ad</strong></span> <span class='ocrx_word' id='word_1_315' title='bbox 381 3244 722 3311; x_wconf 81' lang='lat' dir='ltr'><strong>superficiem</strong></span> <span class='ocrx_word' id='word_1_316' title='bbox 775 3246 1105 3296; x_wconf 88' lang='lat' dir='ltr'><strong>solummodo</strong></span> <span class='ocrx_word' id='word_1_317' title='bbox 1159 3246 1414 3295; x_wconf 78' lang='lat' dir='ltr'><strong>colorata.</strong></span> <span class='ocrx_word' id='word_1_318' title='bbox 1486 3247 1683 3296; x_wconf 88' lang='lat' dir='ltr'><strong>Discus</strong></span> <span class='ocrx_word' id='word_1_319' title='bbox 1720 3248 1933 3299; x_wconf 85' lang='lat' dir='ltr'><strong>demum</strong></span> 
     </span>
     <span class='ocr_line' id='line_1_43' title="bbox 56 3314 1705 3383; baseline 0.001 -18"><span class='ocrx_word' id='word_1_320' title='bbox 56 3314 513 3366; x_wconf 68' lang='lat' dir='ltr'><strong>concaviusculus.</strong></span> <span class='ocrx_word' id='word_1_321' title='bbox 589 3314 801 3365; x_wconf 81' lang='lat' dir='ltr'><strong>&#39;I&#39;becae</strong></span> <span class='ocrx_word' id='word_1_322' title='bbox 835 3316 919 3366; x_wconf 84' lang='lat' dir='ltr'><strong>vel</strong></span> <span class='ocrx_word' id='word_1_323' title='bbox 958 3332 1148 3383; x_wconf 81' lang='lat' dir='ltr'><strong>sporae</strong></span> <span class='ocrx_word' id='word_1_324' title='bbox 1187 3315 1421 3366; x_wconf 71' lang='lat' dir='ltr'><strong>minutae</strong></span> <span class='ocrx_word' id='word_1_325' title='bbox 1459 3317 1705 3367; x_wconf 82' lang='lat' dir='ltr'><strong>seriatae.</strong></span> 
     </span>
    </p>

    <p class='ocr_par' dir='ltr' id='par_1_11' title="bbox 57 3380 1932 3625">
     <span class='ocr_line' id='line_1_44' title="bbox 197 3380 1932 3454; baseline 0.002 -22"><span class='ocrx_word' id='word_1_326' title='bbox 197 3380 396 3433; x_wconf 83' lang='lat' dir='ltr'><strong>Incolit</strong></span> <span class='ocrx_word' id='word_1_327' title='bbox 423 3382 674 3434; x_wconf 82' lang='lat' dir='ltr'><strong>corticem</strong></span> <span class='ocrx_word' id='word_1_328' title='bbox 696 3383 1082 3454; x_wconf 66' lang='lat' dir='ltr'><strong>arborum-pro</strong></span> <span class='ocrx_word' id='word_1_329' title='bbox 1123 3403 1152 3435; x_wconf 84' lang='lat' dir='ltr'><strong>e</strong></span> <span class='ocrx_word' id='word_1_330' title='bbox 1184 3380 1362 3446; x_wconf 73' lang='lat' dir='ltr'><strong>Parti,</strong></span> <span class='ocrx_word' id='word_1_331' title='bbox 1397 3380 1630 3450; x_wconf 82' lang='lat' dir='ltr'><strong>confinis</strong></span> <span class='ocrx_word' id='word_1_332' title='bbox 1666 3384 1932 3454; x_wconf 73' lang='lat' dir='ltr'><strong>Graphiiii</strong></span> 
     </span>
     <span class='ocr_line' id='line_1_45' title="bbox 57 3402 1931 3523; baseline 0.001 -19"><span class='ocrx_word' id='word_1_333' title='bbox 57 3452 367 3522; x_wconf 59' lang='lat' dir='ltr'><strong>&amp;setiger-ae,</strong></span> <span class='ocrx_word' id='word_1_334' title='bbox 402 3463 453 3503; x_wconf 82' lang='lat' dir='ltr'><strong>et</strong></span> <span class='ocrx_word' id='word_1_335' title='bbox 470 3470 641 3523; x_wconf 75' lang='lat' dir='ltr'><strong>prope</strong></span> <span class='ocrx_word' id='word_1_336' title='bbox 664 3452 912 3519; x_wconf 60' lang='lat' dir='ltr'><strong>Balciam,</strong></span> <span class='ocrx_word' id='word_1_337' title='bbox 948 3402 1179 3520; x_wconf 50' lang='lat' dir='ltr'><strong>consszis</strong></span> <span class='ocrx_word' id='word_1_338' title='bbox 1201 3451 1466 3523; x_wconf 73' lang='lat' dir='ltr'><strong>Graphidi</strong></span> <span class='ocrx_word' id='word_1_339' title='bbox 1492 3453 1769 3517; x_wconf 80' lang='lat' dir='ltr'><strong>Commati,</strong></span> <span class='ocrx_word' id='word_1_340' title='bbox 1786 3458 1931 3521; x_wconf 85' lang='lat' dir='ltr'><strong>(cor—</strong></span> 
     </span>
     <span class='ocr_line' id='line_1_46' title="bbox 57 3519 1444 3625; baseline 0.004 -53"><span class='ocrx_word' id='word_1_341' title='bbox 57 3525 213 3576; x_wconf 67' lang='lat' dir='ltr'><strong>ticem</strong></span> <span class='ocrx_word' id='word_1_342' title='bbox 244 3519 624 3591; x_wconf 74' lang='lat' dir='ltr'><strong>Bonplandiae</strong></span> <span class='ocrx_word' id='word_1_343' title='bbox 650 3520 968 3595; x_wconf 64' lang='lat' dir='ltr'><strong>trtj&#39;oliatue.</strong></span> <span class='ocrx_word' id='word_1_344' title='bbox 1045 3521 1194 3594; x_wconf 56' lang='lat' dir='ltr'><strong>Fe&#39;e.)</strong></span> <span class='ocrx_word' id='word_1_345' title='bbox 1405 3550 1444 3625; x_wconf 33' lang='grc' dir='ltr'>Ὗ</span> 
     </span>
    </p>
   </div>
   <div class='ocr_carea' id='block_1_11' title="bbox 1442 3626 1461 3747">
    <p class='ocr_par' dir='ltr' id='par_1_12' title="bbox 1442 3626 1461 3747">
     <span class='ocr_line' id='line_1_47' title="bbox 1442 3626 1461 3747; baseline 0 0"><span class='ocrx_word' id='word_1_346' title='bbox 1442 3626 1461 3747; x_wconf 49' lang='lat' dir='ltr'><strong>l</strong></span> 
     </span>
    </p>
   </div>
  </div>
 </body>
</html>
