2163 3852
671 104 972 153 Licuuuns.
1039 102 1340 151 chinonis.
1845 96 1949 149 267

219 255 361 316 ΡίΙε.,
411 244 688 305 ἔονηηιεητ.
728 269 884 301 nova.
923 269 977 318 p.
1015 267 1100 316 79.

219 345 428 396 Dillen.
454 342 590 394 Hist,
617 359 781 390 masc.
819 339 926 388 tab.
957 341 1031 390 15.
1072 332 1167 405 fig.
1199 352 1280 386 20.
1309 342 1361 383 et
1390 335 1498 383 lab.
1533 340 1609 394 ¹4·
1633 326 1743 395 fig.
1779 347 1854 379 12.
1879 328 1946 380 B.

224 433 549 502 Capitularia
584 431 827 498 pityrea,
893 425 1006 476 Flk.
1047 424 1097 473 in
1148 422 1301 472 Web.
1339 431 1389 471 et
1429 419 1620 471 Mohr.
1660 417 1832 468 Beilr.
1870 416 1949 467 ΙΙ.

277 523 330 563 p.
350 505 466 554 282.
487 530 556 540 --
592 501 945 563 (Cenomyce)
975 490 1262 558 Ej11sd.D.
1292 489 1452 541 Lich.
1479 506 1558 540 nv·
1598 489 1709 557 193.
1735 491 1797 540 A.
1816 501 1869 538 et
1887 491 1949 536 B.

223 595 524 722 Celnomyc)e
572 587 806 656 pityrca,
869 583 1010 636 Ach.
1066 580 1199 649 ὃγιι.
1244 599 1300 648 p.
1342 584 1442 642 254
1496 579 1790 647 (exceptis.
1839 595 1949 628 var.

302 681 337 711 ).
377 673 474 710 etc.

219 749 306 799 Cl.
350 749 641 815 pityrea,
678 744 1064 795 furfuracea
1089 744 1149 801 †;
1180 738 1345 789 thallo
1377 738 1584 786 minuto
1618 735 1952 786 furfuraceo-

81 822 420 887 squamuloso
465 817 913 884 caesio-glauco,
953 811 1187 880 podctiis
1226 808 1515 876 gracilibus
1554 807 1743 855 albidis
1781 804 1955 854 surfu-

79 888 688 955 raeco-pulverulentis
736 885 952 945 albidis,
1005 880 1261 931 subulatis
1304 878 1390 928 vel
1434 876 1783 941 scyphiferis,
1840 891 1955 938 scy-

80 959 201 1026 phis
239 959 430 1009 clausis
478 958 714 1025 angustis
750 953 1134 1020 irregularibus
1173 949 1346 999 rarius
1383 947 1694 1014 profiferis,
1736 944 1956 1011 apothe-

81 1030 180 1078 ciis
217 1028 456 1096 globosis
495 1029 658 1077 dense
695 1025 965 1092 congestis
1005 1020 1200 1090 pallide
1232 1019 1400 1069 fuscis
1438 1014 1850 1067 confluentibus.

220 1098 437 1148 Thallus
478 1097 754 1166 dispersus
799 1097 1008 1145 demum
1049 1090 1481 1158 subpulvinatus,
1519 1087 1884 1143 furfuraceus,
1924 1099 1955 1132 e

79 1167 286 1218 foliolis
320 1169 537 1218 minutis
566 1166 897 1217 tenuissimis
927 1163 1100 1213 rarius
1133 1159 1433 1227 majusculis
1464 1157 1715 1206 laciniato
1735 1153 1956 1203 -incisis

81 1239 477 1307 crenulatisque
516 1238 699 1286 subtus
735 1235 1022 1285 albissimis
1061 1249 1216 1297 supra
1253 1227 1686 1294 caesio-glaucis
1722 1224 1958 1293 quando-

84 1326 188 1378 que
241 1307 879 1376 albido-pulvcrulentis.
970 1303 1196 1353 Pedetia
1239 1300 1485 1368 gracilia,
1553 1297 1761 1362 juniora
1812 1293 1959 1343 albo-

83 1379 481 1444 pulverulenta,
530 1396 650 1427 mox
697 1371 1419 1440 sursui'aceo·squamulosa,
1476 1385 1503 1416 e
1544 1366 1747 1416 foliolis
1779 1365 1958 1413 inhae-

79 1449 323 1498 rentibus
370 1448 535 1497 thallo
582 1446 876 1506 similibus3
936 1445 1034 1493 alia
1080 1442 1262 1491 sterila
1305 1438 1544 1488 subulata
1581 1450 1957 1501 nonnunquam

80 1517 242 1568 bifida
276 1518 640 1569 semiuncialia
670 1528 724 1566 et
754 1533 939 1582 parum
975 1513 1239 1579 longiora,
1284 1510 1385 1558 alia
1422 1506 1815 1569 subcylindrica
1846 1520 1958 1551 sae-

81 1590 203 1656 pius
240 1587 477 1638 firmiora
514 1587 728 1637 densius
766 1579 1501 1652 pulverulento-furfuracea
1537 1575 1771 1625 flexuosa
1806 1573 1957 1639 apice

82 1659 416 1725 scyphifera,
470 1658 570 1707 alia
609 1657 735 1706 dein
778 1653 1043 1720 simplicia
1084 1651 1173 1703 vel
1220 1650 1372 1717 apice
1414 1647 1583 1697 divisa
1620 1644 1852 1710 capitulo
1896 1660 1959 1691 ex

81 1728 380 1796 apotheciis
437 1727 853 1795 conglomeratis
903 1724 1201 1773 terminata.
1279 1717 1476 1784 Scyphi
1522 1717 1670 1781 parvi
1720 1713 1956 1781 angusti,

80 1799 436 1867 inaequaliter
484 1797 692 1847 extensi
745 1796 895 1863 quasi
942 1793 1056 1841 fissi
1100 1810 1138 1841 s.
1186 1790 1344 1840 divisi
1388 1790 1442 1837 in
1489 1787 1669 1834 radios
1715 1784 1842 1833 duos
1892 1781 1958 1831 ad

81 1880 310 1939 quatuor
347 1869 538 1918 breves
574 1866 916 1927 fructiferos,
977 1862 1058 1912 vel
1095 1860 1284 1910 exinde
1324 1857 1691 1909 contractione
1734 1853 1958 1922 quadam

78 1956 145 1988 ex
177 1938 475 2003 apotheciis
511 1937 784 2003 congestis
819 1937 875 1983 in
921 1932 1208 2001 capitulum
1245 1939 1608 1985 transeuntes,
1660 1925 1744 1976 vel
1785 1923 1955 1989 proli-

79 2009 418 2059 ficationibus
455 2007 715 2073 elongatis
757 2007 909 2070 (var.
955 1999 1482 2066 cladomorphae
1518 1995 1678 2045 Flke
1715 1996 1800 2045 vel
1842 1993 1957 2041 Li·-

80 2079 320 2129 chenis
367 2077 642 2128 Fibulae
690 2076 755 2125 ad
814 2074 1073 2142 speciem)
1125 2071 1304 2120 radios
1359 2068 1629 2117 subulatos
1682 2064 1955 2132 gerentia,
2034 2097 2038 2108 .

77 2167 306 2218 quorum
339 2165 442 2215 ope
479 2147 696 2216 podetia
730 2146 941 2213 integra
974 2141 1213 2208 (scyphis
1250 2137 1716 2190 evanescentibus*
1755 2133 1961 2182 bi-tri·

77 2219 181 2271 fida
215 2230 472 2286 apparent
511 2236 633 2268 mox
669 2216 874 2266 sterilia
912 2232 1037 2263 mox
1076 2210 1359 2279 apothecio
1396 2208 1617 2257 minimo
1657 2204 1957 2263 terminata,

77 2290 307 2340 subinde
368 2288 492 2337 dein
550 2287 830 2354 apothecia
875 2283 1131 2334 nonnulla
1189 2281 1254 2330 ad
1307 2281 1483 2328 locum
1537 2275 1820 2325 divisionis
1866 2273 1958 2322 ubi

78 2359 307 2425 scyphus
347 2359 561 2409 evanuit
595 2356 888 2407 lateraliter
928 2354 1110 2403 adnata
1153 2351 1414 2418 gerentia.
1500 2346 1796 2411 Apothecia
1837 2343 1989 2393 sub-¹

77 2431 329 2498 globosa,
382 2429 589 2478 mediae
628 2425 1039 2494 magnitudinis,
1079 2423 1263 2481 dilute,
1301 2419 1469 2468 rarius
1509 2418 1590 2478 (in
1634 2415 1818 2477 siccis)
1867 2414 1960 2463 ob-

76 2517 232 2552 scure
265 2499 445 2560 fusca,
486 2499 646 2548 dense
681 2495 894 2565 quidem
927 2504 1178 2561 congesta
1212 2490 1307 2541 sed
1339 2507 1446 2538 non
1482 2484 1815 2536 confluentia.

221 2585 421 2637 Crescit
447 2585 520 2635 ad
555 2594 757 2635 terram
784 2599 1067 2634 arenosam
1104 2579 1159 2631 in
1187 2575 1433 2628 Brasilia
1473 2571 1743 2624 orientali.
1784 2568 1961 2638 (Sere-

75 2655 200 2709 nisS.
239 2655 420 2707 Princ.
461 2654 734 2721 Neowid.)

471 2818 698 2866 SECTIO
739 2817 826 2860 ΙΙΙ.
899 2808 1502 2861 SCYPHOBLASTE.
1545 2808 1576 2860 †

217 2921 508 2974 Cladoniae
545 2918 897 2989 scyphiserae,
936 2911 1140 2985 Hoffin.
1180 2913 1216 2965 l.
1247 2932 1294 2965 c.
1321 2910 1477 2962 Flhe.
1509 2909 1543 2960 l.
1575 2927 1622 2962 c.
1659 2910 1957 2962 nonnullae.

243 3011 563 3070 Thallus
638 3011 935 3068 soliaceus
1013 3006 1280 3088 podetiis
1363 3024 1600 3062 sursum
1689 3000 1960 3059 dilatatis

85 3095 485 3176 scyphiferi8‚
533 3092 782 3173 scyphis
828 3113 860 3149 e
906 3105 1118 3148 centro
1166 3086 1432 3147 iteratim
1476 3082 1806 3166 proliferis.

188 3203 426 3253 Adnot.
497 3200 681 3249 Sectio
729 3209 943 3255 nostra,
1007 3212 1139 3264 quae
1186 3192 1577 3244 Cladoniam
1633 3187 1962 3241 verticil-

83 3272 289 3322 latam
341 3271 643 3338 indigenam
681 3286 779 3335 pro
818 3279 944 3333 typo
980 3265 1248 3332 agnoscit,
1289 3281 1353 3313 eo
1388 3262 1555 3329 magis
1591 3258 1965 3327 distinguenda

85 3343 330 3402 videtur,
384 3339 525 3409 quod
559 3339 717 3389 aliter
752 3339 961 3404 species
996 3354 1115 3385 mox
1145 3332 1497 3385 describenda
1525 3330 1699 3399 priori
1730 3328 1964 3380 omnium

88 3411 331 3478 proxima
358 3413 426 3463 ob
458 3408 798 3476 diaphragma
831 3407 1162 3473 perforatum
1197 3403 1260 3454 ad
1295 3402 1650 3453 Cladonias
1686 3398 1962 3462 subscy-

88 3481 403 3550 phiferas
439 3479 658 3532 Florlzei
688 3478 915 3538 referri,
954 3477 1078 3527 hinc
1107 3476 1172 3527 ab
1206 3473 1353 3525 affini
1385 3472 1475 3525 Cl.
1519 3468 1961 3535 verticillatga
