2163 3852
262 151 366 204 382
787 149 1126 197 Herm-1013.
1172 149 1204 199 J
1208 162 1625 206 Uscanam-nu.

407 296 649 350 Gaulis
699 312 930 363 repens,
976 297 1178 359 nudus,
1225 301 1710 367 gracilissrami.
1742 308 1973 377 elongati
2018 297 2148 379 {mr-

263 379 640 436 purascentes,
683 366 1098 429 decumbentes,
1138 368 1525 422 adscendentes
1554 377 1806 439 erectim,
1846 398 1985 434 nunc
2019 384 2148 432 sim..

261 441 463 506 plices‚
503 452 643 485 nunc
676 453 705 484 e
751 436 916 486 latere
953 456 1185 499 ramum,
1228 441 1390 490 simili
1429 443 1584 493 modo
1618 445 1949 513 elongatum,
1989 454 2144 503 emit·

261 521 452 559 tentes.
563 505 768 556 Folia
826 506 944 555 fere
998 508 1300 570 verticalia,
1368 515 1628 578 patentia,
1683 530 1923 579 remota,
1983 539 2143 586 supr.

260 596 529 636 convexa,
595 576 835 644 margine
889 579 1099 642 postico
1149 582 1476 631 rectiusculo
1523 584 1907 651 integerrimo,
1968 593 2143 644 antico

261 666 424 698 curvo
480 646 1052 713 spinuloso-serrat03
1090 666 1223 715 apex
1268 651 1388 700 solii
1429 654 1804 708 acutiusculus.
1877 661 2144 710 Fructi-

258 719 541 775 ficatio‚
619 716 791 783 qualis
839 719 892 764 in
943 720 990 766 J.
1032 720 1480 784 adiantoide,
1537 742 1563 772 a
1620 743 1719 792 qua
1788 727 1920 777 haec
1959 743 2140 781 nostra

258 788 445 838 differt
494 787 797 855 gracilitate
845 799 897 835 et
948 787 1166 838 laxitate
1213 792 1442 856 partium
1494 791 1750 864 foliisque
1801 800 2026 850 remotis
2079 818 2142 853 ac

256 858 497 926 margine
538 856 750 924 postico
796 857 1016 906 minime
1061 861 1299 910 serratiS.
2002 879 2016 883 ·

401 978 603 1029 Crescit
662 983 781 1030 Var.
826 998 855 1023 σι
894 987 945 1029 et
974 988 1019 1030 β.
1070 999 1241 1050 prope
1276 982 1382 1032 Rio
1433 985 1498 1034 cle
1522 984 1762 1052 larmir-o,
1805 989 1877 1039 ad
1902 989 2137 1044 Flamen

252 1049 624 1113 Amazonum,
703 1058 754 1099 et
823 1048 875 1098 in
946 1048 1217 1102 Dlstricta
1285 1054 1697 1123 Adamanlwn5
1773 1060 2036 1127 (Sellow5
2073 1064 2141 1114 de

254 1119 552 1184 Martius.)
622 1117 686 1168 In
726 1118 972 1169 Jamaica
1014 1120 1311 1174 chwlzius
1357 1123 1525 1193 legit5
1564 1146 1633 1177 ex
1664 1128 1843 1179 insula
1878 1130 2137 1184 Bourbon

254 1190 517 1249 allatam,
606 1188 986 1239 Sclmitzleinio
1047 1201 1267 1253 nostro,
1336 1193 1559 1245 Medico
1619 1196 2135 1267 Fenchtwangensi‚

255 1260 382 1310 olim
429 1260 655 1310 donavit
684 1258 934 1328 Bor-fus.
987 1290 1050 1300 —-
1104 1261 1171 1313 In
1224 1262 1491 1317 Herbario
1538 1267 1837 1336 Vahliano,
1895 1273 2010 1324 sine
2045 1293 2139 1325 no·

253 1332 419 1396 mine,
455 1330 587 1381 vidit
622 1328 998 1381 Horttsclzuclz.

388 1481 683 1535 Observ.
723 1486 761 1536 Ι.
836 1483 991 1534 Folia
1048 1484 1101 1535 in
1146 1487 1454 1538 tenerrimis
1508 1489 1733 1540 surculis
1777 1491 1932 1560 apice
1975 1511 2136 1562 saepe

248 1570 355 1602 non
397 1554 503 1602 nisi
559 1554 702 1603 binis
758 1554 999 1605 ternisve
1071 1560 1355 1609 serraturis
1415 1559 1795 1612 ciliiformibus
1855 1565 2133 1626 instructa,

249 1624 404 1672 aliam
447 1625 686 1688 speciem
730 1625 966 1689 prodere
1010 1627 1283 1688 videntur,
1342 1647 1566 1696 quorum
1611 1632 1731 1682 lusu
1775 1650 1844 1684 ne
1882 1627 1937 1683 in
1980 1652 2135 1686 erro·

251 1710 366 1742 rem
410 1694 689 1754 incurras,
732 1694 1039 1746 cavendum.

389 1816 438 1867 Ο
460 1814 493 1864 b
515 1834 537 1865 s
559 1833 686 1866 erv.
728 1817 793 1865 11.
870 1816 1183 1885 Descriptio
1221 1818 1550 1871 Swartziana
1582 1822 1648 1872 ad
1680 1822 1885 1890 plantas
1917 1835 2132 1878 teneras

249 1887 493 1937 confecta
528 1904 646 1936 esse
694 1887 930 1945 videtur,
971 1891 1154 1956 quales
1201 1891 1359 1940 etiam
1406 1890 1728 1943 Han—barium
1759 1896 1987 1947 Weberi
2041 1916 2133 1953 ex·

247 1957 426 2015 hibet,
502 1957 564 2006 ab
609 1958 729 2024 ipso
777 1959 1036 2008 Swartzio
1098 1961 1260 2009 datas.
1359 1963 1569 2012 Vereor
1638 1976 1844 2027 autem,
1907 1978 1964 2016 ut
2023 1969 2131 2035 ipsi

252 2028 509 2077 Swartzio
551 2027 766 2076 humani
811 2029 934 2096 quid
973 2030 1235 2079 acciderit
1283 2031 1338 2080 in
1381 2035 1835 2085 communicandis
1882 2035 1967 2087 his
2008 2056 2131 2089 cum

248 2098 493 2148 Webero
546 2116 639 2148 suo
694 2100 969 2163 exemplis.
1047 2101 1307 2175 Quisquis
1369 2103 1510 2152 enim
1550 2106 1794 2155 Swartzii
1851 2106 1995 2156 illam
2037 2109 2131 2158 de-

253 2169 632 2236 scriptionem,
678 2187 834 2234 supra
871 2171 1159 2230 laudatam,
1201 2174 1414 2223 attende
1465 2175 1623 2242 legit,
1663 2195 1770 2226 non
1813 2188 1992 2243 potest
2018 2197 2129 2229 non

254 2239 542 2304 suspicari,
583 2238 744 2305 longe
796 2239 947 2289 aliam
993 2239 1078 2288 illa
1124 2240 1274 2309 pingi
1329 2242 1391 2292 ab
1435 2247 1726 2295 exercitata
1781 2258 1935 2296 manu
1978 2249 2129 2315 plan-

247 2321 379 2372 tam3
420 2309 506 2358 cui
534 2311 773 2368 accedit,
814 2311 958 2378 quod
991 2311 1147 2360 nobis
1183 2324 1304 2362 ante
1346 2331 1543 2378 paucos
1587 2316 1697 2366 dies
1725 2316 1935 2384 species
1967 2337 2129 2388 quae·

247 2380 394 2438 dam,
437 2397 466 2428 e
498 2382 688 2446 Regno
724 2380 1003 2430 Mexicano
1037 2382 1217 2441 allata,
1259 2383 1311 2430 in
1340 2386 1607 2436 Herbario
1641 2387 1844 2438 Fratris
1891 2388 2129 2440 dilectis-

245 2450 365 2498 simi
398 2449 583 2498 videre
617 2449 873 2517 contigit,
914 2469 1047 2519 quae
1078 2470 1194 2502 cum
1224 2454 1586 2522 descriptione
1626 2457 1948 2509 Swartziana
1972 2462 2127 2510 Jun-

246 2521 696 2588 germanniae
754 2522 1132 2588 simplicis
1168 2524 1501 2574 adverbum
1551 2529 1821 2578 convenit.

387 2617 546 2689 Quod
562 2617 624 2666 ad
650 2619 865 2668 alteram
891 2619 1032 2668 illam
1056 2620 1314 2685 plantam,
1349 2623 1936 2692 Jungermanniae
1976 2626 2124 2676 sim-

243 2689 455 2755 plicis
496 2688 710 2737 nomine
745 2707 900 2755 supra
923 2690 1244 2755 descriptam
1275 2692 1488 2754 attinet,
1529 2695 1614 2742 vix
1641 2713 1950 2760 possumus,
1992 2699 2122 2765 quin

243 2760 374 2807 alius
409 2770 460 2807 et
502 2759 778 2824 speciatim
829 2760 1043 2827 quidem
1090 2763 1688 2828 Jungermanniae
1729 2768 2120 2832 asplenioi-

245 2831 350 2878 dis
390 2828 615 2878 formam
652 2829 904 2895 gracilem
960 2830 1139 2896 potius
1190 2850 1343 2898 quam
1388 2835 1662 2899 propriam
1707 2838 1941 2902 speciem
2004 2854 2120 2887 eam

242 2912 567 2966 reputemus.
614 2900 875 2965 Exemplo
904 2914 1023 2950 sunt
1051 2904 1081 2951 J
1101 2921 1132 2950 u
1154 2920 1321 2969 nger
1338 2921 1426 2951 ma
1446 2923 1520 2952 nn
1541 2905 1596 2954 ia
1617 2924 1645 2956 e
1682 2906 1836 2971 hujus
1864 2907 2120 2957 sectionis

243 2971 556 3028 Javanicae‚
598 2987 726 3036 quas
767 2988 950 3020 omnes
995 2971 1091 3021 hac
1135 2976 1338 3022 ratione
1385 2974 1571 3024 ludere
1617 2977 1893 3045 oculisque
1936 2977 2119 3027 fucum

241 3040 423 3089 facere
475 3055 613 3088 nunc
659 3039 816 3088 nobis
868 3054 1221 3108 compertum.
1299 3043 1418 3105 Sic,
1459 3063 1503 3095 v.
1540 3062 1619 3107 c.‚
1658 3049 2115 3114 Jungerman-

241 3111 354 3159 nia
394 3110 479 3158 illa
519 3109 843 3175 simplex,
886 3112 939 3160 in
972 3113 1120 3161 Actis
1163 3114 1281 3162 Nat.
1310 3116 1432 3163 Cur.
1470 3115 1596 3164 olim
1628 3117 1928 3184 descripta,
1967 3120 2118 3167 Jun-

244 3180 694 3247 germanniae
753 3182 1251 3247 asplcnioidis
1300 3186 1553 3234 nostratis
1611 3188 1766 3235 etiam
1816 3189 1983 3239 forma
2033 3200 2117 3238 est

243 3251 404 3299 solito
446 3250 739 3318 gracilior,
782 3263 834 3300 et
872 3269 930 3300 ea
984 3254 1199 3320 quidem
1249 3254 1567 3322 plerumque
1633 3257 1877 3325 frugibus
1925 3269 2113 3307 onusta

240 3322 574 3388 maximeque
629 3321 682 3368 in
729 3338 903 3371 ramos
953 3323 1150 3384 divisa,
1217 3343 1373 3393 quam
1425 3342 1564 3374 nunc
1627 3325 1675 3375 J.
1731 3326 2114 3393 asplenioidem

240 3390 501 3456 tropicam
567 3409 612 3438 a.
652 3385 891 3456 fertilem
939 3411 1321 3461 nuncupamus.
1398 3395 1505 3444 Sed
1558 3397 1624 3445 de
1665 3397 1747 3447 his
1780 3398 1932 3464 plura
1965 3399 2020 3447 in
2051 3398 2113 3445 li·-

238 3462 368 3520 bro,
441 3477 596 3529 quem
647 3460 712 3509 de
758 3463 1043 3527 Hepaticis
1101 3466 1363 3515 Javanicis
1409 3484 1436 3514 a
1472 3466 1627 3515 nobis
1681 3468 1968 3533 scriptum,
2006 3467 2113 3534 jam
2155 3467 2158 3469 ’

239 3531 379 3597 typis
421 3530 786 3581 excudendum
825 3533 1122 3585 curavimus
1153 3553 1203 3601 p.
1226 3536 1311 3600 73.
1354 3539 1436 3605 74.
1475 3538 1559 3601 70.
1600 3537 1864 3590 conseras.
