2163 3852
145 183 214 233 40
689 170 901 219 Amne.
978 162 1467 214 SPHAEnoooccns.

157 327 373 380 tertiam
409 321 626 375 circites
653 320 826 369 lineae
859 327 1062 382 partem
1102 331 1308 373 crassa,
1363 310 1488 361 inde
1519 309 1688 360 divisa
1718 309 1777 359 in
1807 323 2032 358 ramos

156 400 339 469 plures
374 404 585 445 erectos
613 406 775 455 vagos
809 388 1005 436 iterum
1036 381 1777 449 decomposito—ramulosos,
1816 376 2037 428 ramulis

157 467 417 522 teretibus
459 462 608 529 vagis
653 470 741 509 aut
778 457 1129 513 subalternis,
1195 453 1396 501 ultimis
1438 452 1676 501 breviter
1722 447 1902 504 bifidis
1944 439 2035 496 aut

157 537 409 592 bifvrciS,
465 531 711 582 cruribus
758 527 1066 592 cylindricis
1110 524 1275 573 acutis
1317 523 1485 570 rectis
1532 532 1620 571 aut
1665 516 2038 571 subssexuosis.

162 603 547 678 Sporangia
594 598 916 666 subglobosa
951 608 1037 645 aut
1071 593 1498 660 hemisphaerica
1543 607 1642 656 per
1680 599 1846 639 totam
1887 587 2036 643 fron-

161 683 281 732 dem
315 674 501 732 obvia,
555 682 787 720 attamen
824 668 877 716 in
912 665 1131 716 ramulis
1175 662 1546 730 superioribus
1579 659 1745 709 multo
1782 658 2041 724 frequen-

159 751 330 805 tiora,
386 741 623 800 s'essilia,
672 739 844 788 rarius
875 736 1112 786 solitaria
1142 745 1230 783 aut
1268 733 1478 800 gemina
1511 730 1829 798 plerumque
1867 738 2041 787 terna,

161 835 303 871 nunc
331 834 359 866 a
390 831 446 864 se
479 812 711 861 invicem
753 808 1031 865 distincta,
1093 821 1233 854 nunc
1275 800 1601 852 confluentia
1637 812 1691 850 et
1728 798 1879 867 quasi
1923 813 2046 862 spo-

161 883 663 956 rangium-unicum
705 878 899 928 bi-aut
940 876 1197 926 trilobum
1246 871 1645 924 constituentia.
1750 866 2047 918 Nucleus

162 961 400 1011 inclusus
433 951 820 1020 subglobosus,
863 957 1110 997 constans
1144 944 1376 1011 sporis
1408 939 1784 991 minutissimis
1816 937 2050 1006 gelatina

169 1027 426 1080 involutis
476 1035 633 1090 atque
678 1021 994 1085 plerumque
1043 1016 1099 1064 in
1145 1014 1366 1064 bacillos
1414 1012 1646 1064 seriatis.
1744 1007 2050 1058 Substantia

168 1095 529 1164 cartilaginea.
625 1089 790 1139 Color
827 1102 1218 1154 purpurascens
1257 1095 1345 1134 aut
1382 1080 2050 1149 purpurascenti-roseus,

169 1162 553 1221 marcescentis
588 1177 615 1208 e
654 1156 969 1208 flavescenti
1003 1167 1056 1205 et
1084 1155 1496 1222 purpurascenti
1527 1151 1702 1203 varius
1739 1163 1826 1200 aut
1859 1146 2050 1199 ssaves-

176 1239 324 1291 centi
338 1265 359 1276 —
374 1235 556 1299 fuscus
586 1230 847 1280 fulvusve.

308 1312 383 1373 In
411 1320 625 1372 Oceano
673 1335 770 1366 ora
816 1311 1090 1366 Brasiliae
1138 1309 1501 1362 meridionalis
1550 1307 1814 1358 alluenti:
1869 1303 2048 1354 Illust.

168 1384 596 1447 Maxim'ilianas
628 1385 812 1439 Princ.
855 1382 1169 1448 Wiedensis,
1209 1382 1277 1433 cl.
1307 1379 1648 1449 Hulenkamp
1675 1387 1725 1429 et
1753 1374 2051 1440 Schrader3

173 1466 241 1517 cl.
276 1462 532 1516 [mertens
567 1455 1002 1510 commanicacil.

398 1581 466 1623 15.
527 1574 1158 1618 SPHAEROCOCCUS
1218 1567 1819 1610 CONFERVOIDES.

318 1672 374 1720 S.
413 1667 608 1718 fronde
645 1662 988 1730 cartilaginea
1026 1661 1187 1710 tereti
1223 1657 1467 1709 filiformi
1506 1675 1633 1724 vage
1669 1672 1908 1711 ramosa,
1978 1669 2063 1701 ra-

177 1741 279 1790 mis
318 1738 580 1805 elongatis
620 1731 966 1786 subindivisis
1007 1731 1197 1782 obsitis
1231 1730 1449 1778 ramulis
1489 1730 1739 1794 utrinque
1775 1722 2063 1773 attenuatis

181 1811 380 1878 sparsis
412 1805 751 1875 patentibus,
831 1801 1136 1870 sporangiis
1172 1799 1514 1868 subglobosis
1550 1796 1825 1847 sessilibus
1862 1793 2063 1862 ubique

181 1899 280 1951 per
315 1880 537 1931 thallum
579 1875 797 1944 sparsis.

324 1968 439 2036 Ag.
467 1964 622 2089 ἓρεὲ
645 1963 764 2081 303t.
806 1958 953 2029 Syst.
986 1959 1107 2013 232.
1153 1956 1325 2012 Tarn.
1354 1953 1492 2007 Hist.
1515 1964 1552 2006 t.
1575 1957 1659 2017 84.
1699 1950 1915 2004 Staclflz.
1939 1950 2068 2001 Ner.
2094 1976 2097 1979 ⁴

397 2046 434 2088 t.
505 2073 517 2086 .
626 2053 702 2102 sp.
761 2071 774 2086 .
806 2049 890 2100 92.

325 2126 526 2177 Basis
577 2123 883 2181 discoidea,
958 2118 1172 2170 callosa.
1270 2115 1577 2167 Frondes
1630 2114 1756 2164 inde
1805 2112 2073 2180 prodeunt

187 2197 504 2266 plerumque
532 2196 744 2264 plures,
788 2202 1012 2251 zei-eles,
1052 2188 1363 2247 filiformes,
1415 2185 1797 2252 semipedales,
1855 2182 2072 2248 pedales

192 2280 247 2318 et
289 2268 596 2335 longiores,
665 2264 781 2314 basi
820 2276 1025 2329 pennae
1069 2258 1319 2310 corvinae
1368 2257 1642 2313 crassitie,
1719 2254 1870 2321 apice
1911 2255 2072 2322 longe

193 2338 465 2389 subillatae
484 2374 497 2399 ‚
536 2352 668 2402 vage
693 2348 963 2392 ramosae,
1003 2329 1212 2380 ramis
1241 2327 1512 2395 primariis
1544 2324 1891 2375 subindivisis
1925 2323 2075 2373 elon-

195 2410 333 2477 gatis
362 2407 666 2475 patentibus
694 2404 773 2453 uti
799 2414 1018 2451 truncus
1048 2399 1337 2468 primarius
1365 2397 1478 2446 basi
1512 2410 1563 2446 et
1590 2396 1742 2462 apice
1769 2393 2070 2452 attenuatis,

200 2479 396 2547 passim
429 2477 664 2528 obsessis
694 2474 910 2523 ramulis
938 2486 1079 2520 nunc
1109 2468 1454 2520 subsecundis
1484 2483 1622 2515 nunc
1651 2465 1911 2515 confertis
1941 2477 2081 2512 nunc

202 2550 400 2616 sparsis
430 2547 634 2614 pariter
667 2543 923 2594 subillatis
954 2553 1004 2590 et
1037 2541 1287 2606 utrinque
1313 2536 1613 2588 attenuatis.
1692 2539 1774 2601 Sp
1795 2533 2081 2601 orangia

201 2618 628 2684 hemisphaerica
655 2626 743 2664 aut
771 2611 1093 2679 subglobosa
1113 2647 1125 2668 ,
1177 2609 1383 2658 sessilia
1405 2645 1416 2667 ,
1466 2623 1563 2671 per
1599 2606 1844 2655 frondem
1881 2604 2083 2672 ubique

208 2707 417 2756 sparsa,
457 2688 626 2736 farcta
660 2681 976 2751 gongylis
1014 2679 1388 2747 irregulariter
1422 2675 1678 2742 ellipticis
1711 2689 1797 2724 aut
1834 2674 2082 2740 oblongis

207 2776 364 2808 muco
395 2757 588 2806 cinctis
619 2772 712 2821 per
735 2768 924 2819 porum
952 2750 1287 2799 terminalem
1316 2749 1531 2798 tandem
1561 2746 1880 2795 cruciandis.
1921 2744 2086 2794 Color

212 2844 606 2897 purpurarcens
660 2836 747 2874 aut
802 2820 962 2872 viridi
981 2849 1003 2859 -
1023 2821 1351 2879 violascens‚
1427 2816 1809 2868 marcescentis
1873 2814 2089 2865 tandem

213 2899 462 2948 albicans,

352 2984 418 3034 In
454 2981 668 3033 Oceano
699 2977 996 3029 Brasiliam
1029 2976 1432 3027 mer-iclc'onalem
1465 2974 1713 3024 alluenti.

505 3099 572 3140 16·
633 3098 1268 3136 SPHAEROCOCCUS
1326 3093 1811 3134 SALICORNIA.

358 3178 410 3225 S.
451 3174 643 3223 fronde
676 3172 981 3230 articulata,
1022 3170 1258 3220 articulis
1295 3170 1508 3219 clavatis
1545 3167 1824 3231 1›.·‹01ife2·is
1914 3160 2092 3212 Ilffert.

222 3243 398 3313 Mspt.
439 3244 548 3311 Ag.
584 3240 732 3309 Spec.
767 3239 810 3289 l.
841 3241 959 3291 303.
1000 3238 1146 3309 Sysl.
1177 3241 1294 3290 232.
1336 3236 1484 3287 Icon.
1519 3236 1653 3304 Alg.
1688 3245 1725 3285 l.
1759 3238 1808 3286 8.

365 3336 405 3384 F
425 3351 497 3382 ro
517 3352 545 3380 n
567 3332 681 3381 (les
713 3330 1109 3396 cartilagineao,
1150 3341 1491 3397 aggregatae,
1544 3327 1803 3392 palmares
1829 3322 1914 3372 vel
1945 3322 2098 3381 ultra,

228 3404 467 3455 articulis
500 3402 795 3452 uncialibus
826 3401 1115 3449 teretibus.
1188 3417 1215 3448 e
1257 3399 1369 3447 basi
1411 3396 1724 3447 tenuissima
1771 3393 1974 3443 sensim
2016 3392 2098 3440 in·-

229 3475 472 3526 cx-assazis
506 3486 560 3521 et
588 3472 658 3520 ita
690 3471 938 3525 clavatis,
999 3471 1151 3535 apice
1180 3470 1442 3518 excavatis
1477 3478 1528 3516 et
1563 3483 1592 3514 e
1635 3476 1821 3514 centro
1856 3464 2101 3512 emitten-

231 3546 370 3594 tibus
414 3544 546 3593 duos
593 3541 655 3589 ad
700 3553 929 3608 quatuor
972 3558 1137 3590 novos
1185 3538 1438 3588 articulos
1484 3535 1836 3586 inferioribus
1874 3532 2104 3593 similes,

230 3632 510 3682 supremos
531 3629 688 3679 saepe
713 3611 1003 3671 breviores,
1044 3610 1360 3677 plerumque
1387 3607 1651 3677 geminos,
1692 3605 1858 3655 altero
1883 3592 2127 3654 minori>
