2163 3852
186 137 292 190 328
705 124 1047 173 Hernicu-
1083 115 1115 166 J
1121 129 1549 166 uneenusunu.

329 276 558 330 Habitat
605 273 658 323 in
692 269 812 320 udis
855 265 1018 317 Serra
1051 265 1122 316 da
1157 263 1396 316 Piedade
1425 261 1742 333 provinciae
1783 249 2078 314 Minarum
2118 280 2147 306 »ι-

189 350 543 424 generalium.
606 341 756 409 (Vid.
792 335 1089 408 e.frzzct{s.
1117 339 1309 398 masc.)
2072 366 2075 367 a

335 474 582 527 Adnot.
667 462 1341 517 Fructificationes
1383 459 1602 510 omnino
1633 458 1689 507 in
1723 459 1820 509 hac
1851 474 2079 528 congru-

196 559 295 599 unt
337 562 454 595 cum
493 538 679 607 figuris
714 533 1055 585 nitidissimis
1083 542 1145 592 4,
1184 534 1250 592 5,
1293 532 1322 581 (J
1348 568 1360 591 ‚
1399 533 1458 590 8,
1499 531 1562 579 ab
1600 530 1928 580 Hookero
1969 531 2095 594 pic..

192 621 280 669 tis.
351 611 666 665 Frondes
707 608 956 655 deorsum
996 603 1146 654 valde
1184 614 1405 659 tenues,
1446 612 1725 668 angustae,
1766 598 2082 666 pinnatifido

195 719 216 729 -
257 688 525 737 sinuatae,
590 678 802 727 laciniis
848 675 1155 741 patentibus
1191 672 1517 730 linearibus,
1587 666 1784 721 coloris
1830 670 2081 731 bru-nnei,

193 772 428 822 superne
465 751 682 801 latiores
718 758 770 796 et
804 745 1033 804 virides,
1086 744 1248 794 solito
1292 759 1442 792 more
1477 742 1720 808 margine
1756 741 1994 790 sinuatae
2026 751 2083 791 et

197 827 497 880 undulatae‚
539 820 778 870 obtusae.
836 814 1514 866 Fructificationes
1555 806 1904 860 masculae
1944 811 2087 861 bilo-

188 899 309 948 bae.
356 925 424 932 -—-
473 895 604 942 Pars
644 887 877 937 inferior
908 885 1146 944 frondis,
1203 884 1249 934 si
1281 883 1423 932 sorte
1461 882 1702 949 disrupta
1735 882 1963 931 seorsim
2001 882 2084 930 in-

193 967 484 1034 spiciatur,
542 978 642 1028 pro
673 961 991 1024 Jungerm
1015 954 1216 1004 annia
1255 954 1321 1020 pi
1345 972 1425 1001 nn
1445 971 1470 1001 a
1493 954 1707 1002 tifida
1748 954 1859 1002 Sw.
1897 951 2085 1001 haberi

186 1049 374 1106 posset
395 1073 406 1094 ‚
449 1033 544 1082 sed
574 1030 684 1080 abit
712 1029 966 1077 continua
999 1028 1052 1074 in
1084 1025 1291 1092 apicem
1327 1024 1593 1085 latiorem,
1632 1035 1688 1074 et
1721 1023 1839 1091 ipsa
1871 1022 2085 1072 laciniis

192 1105 534 1178 longioribus
563 1099 811 1153 indivisis
841 1097 1043 1166 aliquid
1076 1096 1239 1147 alieni
1270 1091 1469 1163 prodit.
1649 1100 1654 1105 '
1836 1084 1840 1092 Χ

425 1327 471 1370 6.
513 1326 1123 1370 JUNGFRMANNIA
1180 1319 1746 1360 BRA51L1ENS1S.
1794 1312 1825 1364 †

312 1477 368 1528 J.
406 1471 600 1525 fronde
625 1480 824 1519 costata
852 1465 1049 1516 lineari
1082 1463 1386 1513 dichotoma
1415 1460 1702 1512 divaricata
1732 1460 2083 1530 integerrima

184 1560 404 1606 tenera,
444 1545 624 1594 fructu
660 1559 689 1590 e
721 1538 995 1606 superiori
1033 1535 1305 1584 frondium
1351 1544 1504 1599 parte
1533 1531 1890 1600 egrediente,
1938 1536 2086 1601 peri-

181 1619 394 1670 chaetio
433 1615 611 1679 calyce
661 1612 830 1660 multo
876 1607 1130 1658 breviore
1165 1604 1510 1670 monophyllo
1558 1603 1843 1665 laciniam,
1902 1607 2083 1672 calyce

181 1689 477 1757 cylindrico
511 1682 719 1752 aequali
753 1697 846 1730 ore
883 1677 1185 1734 fimbriato,
1227 1676 1461 1741 calyptra
1496 1673 1718 1722 inclusa.

322 1788 480 1834 Icon:
521 1781 592 1829 in
626 1781 817 1827 Mart.
857 1777 1021 1824 Icon
1059 1772 1302 1821 select.
1344 1781 1382 1819 t.
1429 1771 1509 1820 15.

327 1878 662 1930 Frondes
701 1873 868 1922 dense
899 1870 1005 1919 sibi
1037 1868 1435 1925 incumbentes,
1475 1865 1806 1928 radicantes,
1853 1864 1914 1930 1}
1949 1899 2016 1909 -
2056 1885 2086 1919 2

191 1951 380 2003 uncias
405 1949 628 2013 longae,
674 1941 735 2006 1}
771 1971 839 1979 —-
880 1958 907 1990 2
938 1942 1107 1990 lineas
1141 1940 1293 1995 latae,
1332 1936 1450 1986 basi
1482 1937 1821 2004 angustiores
1851 1950 1902 1988 et
1937 1939 2091 1990 deni-

191 2039 296 2093 que
327 2023 381 2070 in
415 2019 606 2068 nudam
639 2026 838 2064 costam
869 2011 1204 2061 radicantem
1238 2010 1514 2067 abeuntes,
1549 2009 1813 2068 lineares,
1853 2011 2092 2079 integer-

184 2097 360 2146 rimae
403 2090 495 2140 sed
538 2086 780 2153 margine
816 2084 997 2132 obiter
1039 2080 1327 2148 repandae,
1367 2080 1571 2146 planae,
1600 2079 1975 2141 dichotomae,
2015 2083 2090 2132 la.

197 2164 358 2214 ciniis
401 2160 741 2215 divaricatiS,
801 2151 1057 2204 extremis
1107 2151 1409 2202 rotundatis
1459 2161 1512 2198 et
1558 2150 1885 2212 subretusis,
1936 2164 2089 2202 tene-

190 2251 314 2297 rae,
353 2235 495 2282 laete
540 2231 803 2286 virente5‚
840 2224 987 2275 costa
1016 2223 1188 2272 valida
1220 2220 1638 2287 subserrugineei
1671 2221 1905 2287 divisae3
1954 2224 2086 2275 retis

191 2304 406 2355 areolae
484 2300 820 2355 mediocres,
914 2293 1218 2361 angulosac.
1353 2291 1988 2344 Fructificationes
2055 2312 2085 2344 e

192 2387 342 2424 costa
392 2373 616 2422 circiter
659 2368 842 2417 media
880 2364 1125 2427 frondis,
1177 2380 1434 2430 superae,
1484 2361 1788 2422 solitariae,
1841 2365 2086 2416 rai-iusve

192 2447 358 2496 altera
392 2460 534 2510 pone
567 2442 788 2490 alteram
814 2436 1168 2503 remotiores,
1219 2433 1490 2501 obliquae.
1567 2431 2090 2486 Perichaetiu'm

198 2518 372 2581 (calyx
420 2513 658 2563 exterior
688 2508 899 2570 Hook.)
948 2525 1164 2574 squama
1200 2505 1540 2561 incumbens,
1597 2505 1945 2567 subrotunda,
1985 2507 2089 2572 pli-

191 2598 332 2644 cata,
383 2581 709 2652 quadrifida,
766 2577 976 2627 laciniis
1009 2576 1574 2633 laciniam-dentatis,
1627 2575 1898 2625 laxissime
1931 2594 2086 2627 areo.

185 2657 319 2717 lata,
363 2656 540 2719 calyce
573 2650 741 2717 triplo
777 2649 893 2697 fere
925 2648 1159 2697 brevior.
1238 2647 1438 2710 Calyx
1481 2645 1788 2705 tubulosus,
1830 2647 2086 2711 cylindri·
2134 2654 2163 2707 Ι

189 2743 317 2788 cus,
372 2724 570 2782 laevis,
641 2719 1058 2775 subcoriaceus,
1116 2735 1209 2767 ore
1262 2728 1505 2769 truncato
1548 2717 1921 2767 subcoarctato
1968 2716 2085 2766 fim,

187 2797 397 2853 briato,
480 2790 728 2843 lacdnulis
771 2789 1026 2838 subulatis
1074 2786 1410 2854 simplicibus
1456 2788 1695 2836 recurvis
1739 2787 2084 2854 pellucidulis

188 2865 495 2935 aequalibus
526 2880 747 2932 quarum
782 2878 884 2926 ope
917 2857 1179 2908 orificium
1222 2859 1419 2922 calycis
1465 2857 1584 2906 sere
1626 2858 1800 2907 Musei
1850 2859 2085 2924 peristo-

186 2957 267 2987 ma
302 2936 490 2986 refert.
565 2934 888 2998 Calyptra
927 2929 1227 2988 reticulata,
1268 2930 1444 2994 calyce
1478 2928 1716 2979 brevior.
1792 2929 2084 2995 Capsula

187 3007 444 3075 clliptica.
495 3004 801 3067 (Exsertam
840 3018 948 3050 non
986 3001 1262 3065 vidimus.)

326 3100 554 3152 Habitat
598 3099 652 3148 in
704 3095 959 3147 montosis
1007 3095 1275 3161 glareosis
1312 3093 1384 3143 ad
1441 3092 1575 3145 Villa
1620 3091 1762 3142 Rica
1808 3102 1858 3144 et
1905 3094 1978 3144 ad
2025 3091 2079 3145 S.

185 3174 346 3227 Joan.
381 3170 633 3238 Baptista
673 3168 967 3218 Illinaram
1000 3160 1358 3235 generalium.
1435 3165 1526 3228 (V.
1562 3182 1606 3214 c.
1639 3163 1769 3228 cal.)

326 3271 569 3323 Adnot.
628 3265 1192 3332 Jungerrnannia
1231 3263 1633 3322 hibernica,
1674 3259 1899 3325 Hook„
1939 3259 2082 3312 Brit.

192 3343 358 3412 Jnng·
396 3339 508 3390 lab·
553 3338 647 3395 78,
699 3337 791 3385 isti
831 3337 1104 3402 proxima,
1164 3334 1355 3384 differt
1391 3334 1585 3384 fronde
1619 3351 1728 3382 non
1767 3333 1838 3381 ita
1872 3335 2085 3401 regula-

191 3417 329 3465 riter
374 3427 552 3479 neque
587 3407 920 3456 divaricatim
953 3407 1290 3470 dichotoma,
1342 3406 1630 3475 calyceque
1682 3415 1837 3458 ovato
1886 3405 2084 3472 plicato

193 3487 346 3553 apice
380 3483 592 3533 <lentato
625 3476 876 3547 fissoque.
