2163 3852
127 520 242 604 Ad
297 562 422 605 eas,
482 557 611 610 quas
654 555 683 587 e
720 536 948 588 Brasilia
984 534 1198 589 adve'xit
1233 535 1422 603 operis
1457 534 1667 600 editor,
1704 548 2009 604 perpaucae

126 641 470 688 accesserunt
519 628 761 695 species,
814 646 843 677 a
878 625 1211 679 Sellovio
1258 623 1466 688 lectae,
1507 624 1775 695 nobisque
1800 623 2012 679 Otto-

126 727 229 779 nis
269 721 470 781 nostri,
514 718 675 769 Horti
726 716 890 782 Regii
938 715 1313 767 Berolinensis
1343 714 1659 768 Directoris
1701 712 2015 774 ott-enuisti:-

126 814 229 873 mi,
270 807 651 861 benevolentia
692 805 939 856 traditae.

230 901 300 968 At
350 916 476 951 vero
518 895 733 949 maximi
774 893 1100 945 aestimanda
1143 904 1301 956 sunt,
1357 911 1493 964 quae
1531 894 1670 946 bona
1715 909 1808 944 sua
1849 909 2018 961 opera

126 990 282 1042 nobis
317 988 526 1056 paravit
567 984 870 1042 commoda,
922 983 1127 1034 clariss,
1167 981 1659 1053 Lindenberg‚
1699 982 2019 1046 Praefectus

128 1076 601 1147 Belgedorsensis,
626 1071 883 1123 Herbarii
907 1069 1223 1122 VVeberiani
1249 1086 1391 1123 nunc
1427 1088 1730 1140 possessor,
1771 1072 1866 1142 qui
1901 1072 2026 1142 qui,-

130 1169 251 1219 dem
280 1184 377 1235 per
412 1164 654 1231 exempla
683 1165 734 1213 b.
808 1161 1102 1214 Weberi
1133 1179 1290 1227 manu
1335 1160 1626 1229 inscripta,
1667 1177 2023 1230 quaecunque

132 1258 291 1309 dubia
315 1254 630 1308 videbantur
649 1289 661 1313 ‚
700 1251 1007 1312 illustravit,
1046 1262 1100 1302 et
1125 1250 1301 1305 virum
1332 1250 1515 1313 illum,
1555 1250 1612 1300 in
1636 1249 1736 1300 ista
1769 1266 1858 1312 re,
1897 1250 2026 1300 dum

134 1347 384 1408 vivebat,
424 1355 548 1395 ante
583 1360 769 1394 omnes
806 1354 1109 1406 versatum,
1157 1358 1259 1410 pro
1293 1351 1480 1393 nostra
1523 1337 1630 1403 fide
1666 1339 1839 1394 veluti
1867 1354 2028 1410 praee

135 1435 258 1503 dem
294 1433 645 1502 interposuit.

243 1525 444 1576 Merito
477 1524 661 1593 itaque
696 1519 1233 1591 Lindenbergio
1269 1517 1627 1577 adscribimus
1643 1529 1874 1582 nostras,
1904 1536 2030 1589 qua-

136 1616 431 1687 iescunque
479 1624 628 1672 sunt,
681 1612 738 1661 in
783 1610 1075 1678 Hepaticas
1114 1608 1478 1660 Brasilienses
1518 1607 2029 1676 anhnadversiones.

245 1722 380 1794 Dal).
420 1725 640 1772 Bonnae
669 1719 778 1771 Cal.
818 1719 956 1787 Aug.
982 1717 1421 1771 MDCCCXXVI.

1216 1854 1422 1911 Nees
1467 1851 1546 1911 ab
1588 1851 2031 1929 Esenheck.

215 2185 220 2189 ,
248 2130 382 2180 Post
417 2141 646 2198 quatuor
666 2145 829 2189 annos
864 2127 1079 2197 elapsos
1114 2125 1284 2177 rediit
1313 2130 1379 2178 ad
1412 2143 1512 2179 nos
1541 2143 1676 2194 opus
1704 2127 2035 2198 manuscrip-

147 2229 262 2276 tum
296 2219 487 2286 proelo
523 2235 664 2269 nunc
704 2217 917 2269 demum
950 2228 1075 2288 post
1104 2217 1384 2269 molestam
1423 2216 1664 2286 quietem
1702 2215 2037 2271 tradendum.

149 2309 222 2377 Et
294 2308 458 2366 multa
538 2309 759 2378 quidem
824 2307 1227 2372 habuissemus,
1324 2322 1459 2374 quae
1522 2306 1768 2371 adnotari
1837 2307 2045 2375 potuis?

154 2406 306 2458 sent,
381 2396 471 2447 sed
530 2409 775 2466 tempore
822 2407 1052 2469 urgente
1109 2395 1175 2446 ad
1222 2396 1437 2464 potiora
1487 2395 1719 2445 animum
1772 2396 2044 2456 converti,-

156 2502 300 2545 muS‚
368 2499 421 2537 et
469 2487 613 2537 inter
672 2487 804 2537 haec
841 2503 1123 2537 numerum
1178 2484 1600 2554 geographicum
1659 2497 1714 2535 et
1756 2503 2045 2553 synonyma

155 2574 380 2624 maxime
410 2577 762 2644 respeximus.
856 2577 1060 2647 Accipe
1107 2591 1275 2643 nunc,
1315 2577 1376 2626 L.
1401 2574 1451 2624 b.
1484 2591 1636 2642 «opus
1675 2583 1952 2639 nostrum,
1991 2587 2047 2642 et

160 2664 205 2734 si
234 2681 336 2733 qua
369 2664 511 2716 sorte
545 2666 802 2736 calamum
837 2666 1186 2735 castigantem
1220 2662 1553 2732 effugerint,
1594 2663 1859 2740 ignoscas.

263 2772 469 2822 Dabam
505 2774 857 2847 Vratislaviae
872 2810 885 2837 ‚
929 2772 1118 2826 diebus
1151 2772 1300 2839 Junii
1334 2772 1750 2838 MDCCCXXX.

1218 2911 1418 2986 Nces
1478 2907 1556 2968 ab
1613 2910 1708 2967 Es
1730 2906 2045 2988 anecke
