2163 3852
687 134 985 183 Licnnmns
1045 134 1357 183 Pannnnm.
1851 139 1956 191 217

93 300 186 334 cae
235 283 518 341 minimae,
590 278 800 340 evades,
857 280 1158 348 simplices,
1218 293 1472 349 septenae
1537 291 1759 333 octonae
1814 285 1957 335 serie

91 351 293 419 duplici
331 360 721 402 concatenatae.

234 445 434 496 Crescit
448 440 753 516 fructifera
784 462 953 512 prope
987 441 1403 493 Aram-Coma
1435 461 1589 512 prov.
1627 444 1732 495 Rio
1770 464 1954 515 negt-0,

89 516 285 568 sterilis
320 517 393 565 ad
437 513 709 565 caudicem
770 513 1023 563 ls‘ellosiae
1065 511 1304 579 plicatae
1349 514 1399 562 iu
1442 518 1601 563 Serra
1647 515 1712 565 do
1755 514 1959 566 lWente

89 586 255 637 Sanco
285 604 439 651 prov.
477 582 758 633 Bahiensis
793 582 1078 632 altitudine
1118 582 1331 631 circiter
1375 587 1502 634 1500
1533 585 1655 653 ped.

232 683 472 734 Adnot.
529 679 784 732 Scutcllas
821 680 975 744 hujus
1022 679 1225 745 speciei
1261 679 1530 747 hucusque
1580 700 1686 732 non
1724 681 1964 748 descrip-

89 763 168 802 tas
215 753 270 802 in
320 751 559 819 pluribus
611 750 990 815 speciminibus
1041 749 1238 798 nostris
1289 762 1594 799 constanter
1643 753 1961 818 marginales

90 823 169 874 cl.
207 822 547 880 Friesius,
606 819 697 886 qui
737 818 878 867 solus
926 818 1200 885 hucusque
1240 819 1372 867 vidit
1393 848 1414 879 ,-
1461 821 1669 886 saepius
1722 823 1961 871 submar-

91 893 294 959 ginales
333 907 588 941 concavas
625 888 805 937 badias
863 889 1008 937 dicit.
1082 891 1162 938 An
1202 887 1263 937 ad
1300 889 1547 938 Auctoris
1584 882 1802 955 hujusc'c
1841 910 1962 940 scn-

88 963 312 1012 tentiam
369 960 551 1026 specie
603 957 858 1009 differant
926 957 1148 1006 Sticta
1204 970 1484 1007 crocata
1536 961 1694 1010 Ach.
1751 979 1961 1028 unaque

94 1030 332 1096 ejusdem
370 1030 598 1079 varietas
637 1028 827 1095 gilva
851 1064 864 1087 ‚
923 1045 1050 1096 quas
1091 1044 1272 1079 omnes
1310 1027 1582 1095 conjungit
1618 1029 1695 1079 Cl.
1735 1033 1966 1095 Meye-

92 1118 204 1150 rus
262 1095 560 1162 (Entwicl-z.
603 1095 912 1146 Gesclziclzte
942 1115 996 1163 p.
1036 1096 1179 1159 560,
1231 1114 1294 1147 ex
1331 1099 1491 1148 unico
1531 1099 1822 1164 specimine
1861 1114 1966 1150 ste·

88 1170 179 1218 rili
218 1171 307 1218 St.
360 1179 691 1218 crocatae
731 1185 758 1216 e
797 1180 935 1217 terra
975 1167 1057 1215 del
1092 1170 1274 1234 Fuego
1319 1170 1463 1235 quod
1502 1180 1619 1217 ante
1653 1170 1835 1218 oculos
1873 1170 1965 1219 ha-

86 1239 290 1299 bemus,
335 1257 438 1288 non
477 1249 638 1304 patet.
711 1236 914 1287 Differt
945 1236 1047 1285 hoc
1087 1239 1358 1301 specimen
1394 1256 1419 1286 a
1456 1239 1637 1304 specie
1674 1240 1960 1305 descripta,

89 1309 279 1370 thallo,
321 1309 396 1359 uti
433 1310 658 1366 videtur,
699 1325 804 1356 non
837 1306 1196 1357 adscendente
1234 1306 1469 1357 firmiore
1509 1309 1790 1366 crassiore,
1831 1310 1964 1358 leni·
2031 1314 2042 1321 ”

87 1389 174 1429 ter
226 1378 870 1446 rugoso-scrobiculato,
928 1377 1110 1425 colore
1159 1377 1442 1444 utriusque.
1505 1377 1668 1426 faciei
1722 1378 1964 1428 helvoloq

92 1448 465 1506 fuscescente,
520 1447 729 1497 laciniis
790 1445 1139 1510 amplioribus
1193 1446 1419 1504 Iobatis,
1490 1448 1727 1514 margine
1780 1463 1967 1498 eroso-

94 1518 378 1568 crenulatis
418 1533 516 1565 nec
563 1516 974 1583 pulverulentis,
1028 1515 1278 1581 lanugine
1317 1517 1540 1582 paginae
1591 1517 1810 1582 supinae
1846 1517 1971 1567 bre-

91 1589 246 1641 viore
284 1587 589 1635 tenuissima
627 1587 915 1635 concolore
955 1585 1041 1633 vix
1075 1584 1137 1633 ad
1176 1584 1411 1636 medium
1448 1585 1593 1635 thalli
1633 1587 1965 1653 nigricante,

91 1657 324 1709 sorediis
363 1657 537 1706 aureis
575 1655 740 1705 multo
788 1653 1082 1704 minoribus
1121 1654 1571 1720 punctiformibus
1621 1656 1845 1707 subinde
1883 1676 1969 1725 ag-

95 1728 357 1796 gregatis,
431 1742 564 1793 quae
616 1744 723 1774 non
779 1724 996 1776 omnino
1062 1726 1392 1790 respondent
1452 1726 1848 1775 characteribus
1903 1730 1966 1778 ah

93 1797 391 1848 Achario
437 1796 751 1862 propositis.
827 1797 1102 1844 Structura
1153 1794 1392 1860 ejusdem
1437 1795 1667 1844 interior
1717 1795 1836 1846 fere
1886 1816 1970 1846 ea-

93 1869 243 1929 dem,
297 1866 388 1916 sed
430 1865 586 1914 ssocci
625 1866 885 1926 laxiores5
938 1876 1155 1914 stratum
1193 1865 1450 1914 corticale
1503 1865 1746 1931 superius
1799 1877 1851 1915 et
1887 1868 1968 1917 in·-

94 1937 265 1995 ferius
303 1953 331 1985 e
371 1955 475 2006 quo
511 1936 697 2003 prodit
732 1936 956 2002 lanugo,
1010 1934 1245 2004 aequalis
1280 1935 1398 1989 fere
1435 1946 1555 1987 sunt
1592 1935 1874 1990 crassitiei.

587 2126 812 2172 SECTIO
851 2125 982 2169 VIII.
1050 2126 1086 2169 C
1101 2124 1138 2167 E
1157 2126 1194 2168 T
1212 2123 1253 2165 R
1275 2121 1309 2165 A
1323 2122 1364 2167 R
1381 2123 1402 2166 I
1420 2122 1474 2169 A.

236 2258 504 2310 Cetrariae
555 2267 607 2305 et
656 2254 1091 2316 Corniculariae,
1167 2251 1310 2303 Aclz.
1364 2248 1526 2306 Lich.
1577 2251 1724 2303 univ.
1786 2272 1843 2321 p.
1885 2254 1970 2321 96.

303 2327 410 2377 tab.
452 2345 528 2378 10.
570 2320 677 2389 fig.
717 2327 801 2387 45.
833 2333 883 2373 et
914 2342 968 2390 p.
1011 2333 1120 2385 ¹24·
1161 2323 1268 2378 tab.
1309 2331 1384 2387 ¹4·
1424 2316 1534 2390 fig.
1583 2341 1625 2374 1.
1660 2340 1706 2374 2.
1734 2322 1783 2373 3.
1825 2343 1972 2392 spec,

309 2398 586 2465 plurimae.

236 2488 501 2538 Lobariae
535 2483 887 2542 Platismatis,
928 2475 1130 2548 Hoffin.
1172 2478 1208 2529 l.
1245 2497 1289 2529 e.
1349 2480 1574 2546 species.

232 2575 489 2638 Physciae
546 2585 598 2621 et
650 2569 1082 2630 Corniculariae,
1149 2566 1239 2618 De
1291 2566 1459 2621 Cand.
1505 2566 1599 2617 El.
1640 2563 1728 2636 sr.
1775 2566 1852 2619 II.
1911 2588 1970 2638 p,

300 2646 420 2710 395.
459 2644 578 2693 328.
635 2642 863 2708 species.

234 2734 500 2785 Lichenes
538 2729 879 2781 concavifolii
910 2738 962 2776 et
1000 2726 1332 2786 corniculati,
1374 2721 1660 2776 PValzl'enb.
1694 2722 1785 2776 Fl.
1819 2728 1974 2781 Sacc,

225 2842 227 2844 -
306 2822 364 2871 ρ.
404 2806 523 2857 82ῖ.
563 2809 613 2849 et
649 2800 744 2851 831
782 2797 1025 2865 plurimi.

261 2902 368 2958 Th
387 2900 588 2958 allus
678 2897 1070 2975 cartilagineo
1099 2930 1122 2942 -
1153 2893 1450 2957 foliaccus
1469 2933 1485 2961 ,
1548 2892 1925 2955 adscendens
1951 2943 1968 2967 ,

95 2983 382 3064 utrinque
428 2981 633 3061 glaber
664 2980 904 3061 saepius
952 2977 1260 3046 concolor,
1304 2973 1544 3035 laciniis
1583 2975 1793 3038 subtus
1822 2999 1970 3040 con«

100 3064 478 3128 vexiusculis.

263 3165 305 3222 S
322 3187 353 3223 c
367 3188 406 3221 u
420 3180 444 3222 t
460 3163 526 3245 el
544 3163 616 3221 la
636 3183 668 3219 e
743 3159 1103 3239 marginales
1119 3199 1137 3230 ,
1242 3154 1488 3236 oblique
1564 3156 1936 3217 subadnatae
1948 3198 1966 3227 ,

101 3247 274 3306 disco
318 3248 716 3305 suscescentc.

237 3358 471 3409 Adnot.
531 3357 713 3407 Sectio
750 3353 999 3404 naturalis
1039 3363 1136 3415 est,
1180 3352 1321 3401 inter
1355 3350 1877 3400 Parmeliaceas
1915 3360 1968 3397 et

101 3433 476 3481 Usneaceas
522 3430 623 3477 Fr.
680 3426 761 3492 pl.
815 3425 1068 3474 homon.
1132 3421 1448 3471 intermedia
1508 3438 1609 3470 nec
1672 3432 1844 3469 tamen
1896 3418 1973 3467 di.

97 3499 209 3552 vidi
247 3509 427 3568 potest
463 3496 593 3562 (efn'
629 3496 804 3547 adnot.
851 3511 1006 3561 supra
1043 3494 1108 3544 ad
1143 3493 1358 3562 generis
1395 3492 1819 3556 characterem);
1865 3487 1977 3539 for·-
