2163 3852
623 157 936 211 monzuns,
1004 157 1405 214 Lemannum.
1890 173 1965 228 95

84 308 168 359 cia
200 305 572 369 breviuscula,
612 306 1042 370 confertissima,
1078 307 1290 375 juniora
1320 310 1696 376 albo-velata,
1752 313 1964 371 demum

87 379 349 428 denudata
380 380 568 445 nigra,
625 378 888 428 exsiccata
923 377 1284 446 planiuscula,
1323 381 1618 434 madefacta
1651 389 1967 439 convexius-

83 449 231 509 cula,
267 449 395 498 hinc
429 449 554 497 inde
579 445 790 498 dilatata
811 485 824 507 ,
864 448 918 496 in
953 446 1060 496 fine
1091 460 1147 497 ut
1179 449 1467 516 plurimum
1494 455 1800 523 cuspidata‚
1838 459 1966 508 sim-

78 518 241 585 plicia
260 554 274 579 ,
314 517 476 568 bifida
506 528 562 567 et
585 517 938 568 substellatim
968 535 1194 568 ramosa.

217 629 420 681 Crescit
450 631 522 680 ad
544 631 800 681 arborum
827 632 1076 681 corticem
1094 650 1266 699 prope
1292 633 1527 687 Balciam
1545 676 1558 700 ,
1607 635 1823 705 confine
1852 637 1964 692 Le-

79 701 262 752 cideae
288 702 568 752 coccineae
597 711 649 752 et
691 700 999 752 Parmeliae
1032 702 1210 752 viridi.

219 812 282 860 L.
331 811 732 878 angustum?
782 800 1193 879 hePaticum
1230 811 1290 875 '1‘3
1337 827 1513 864 crusta
1563 816 1825 885 laevigata
1866 819 1963 886 hy-

79 879 419 946 pophloeode
434 916 449 940 ,
499 880 800 949 apotheciis
848 881 1144 931 linearibus
1184 880 1445 934 flexuosis
1483 885 1791 939 subramoso
1809 920 1830 929 -
1846 908 1968 940 ana-

77 951 492 1002 stomosantibus
510 987 524 1013 ,
592 952 834 1020 margine
886 952 1150 1004 tumidulo
1202 954 1546 1022 prominente
1586 969 1799 1010 crustae
1844 960 1969 1011 sub-

77 1021 384 1071 concolore.

218 1105 368 1177 Syst.
401 1105 559 1160 Lich.
580 1127 637 1177 p.
677 1125 726 1160 2.

215 1197 486 1249 Distincta
521 1198 704 1249 forsan
739 1199 952 1266 species
983 1216 1050 1250 ex
1082 1199 1243 1250 unico
1276 1199 1570 1267 specimine
1594 1202 1810 1270 juniore
1852 1224 1965 1259 non

76 1265 420 1319 sufficienter
465 1270 899 1334 determinanda,
940 1281 1150 1330 crusta,
1194 1271 1251 1319 ni
1278 1270 1437 1322 fallor
1462 1309 1476 1334 ,
1526 1272 1961 1342 hypophloeode,

74 1337 202 1388 hinc
238 1355 355 1389 cum
387 1340 477 1389 illa
514 1340 730 1390 Thelo
748 1350 847 1390 tre
869 1339 1070 1390 matis
1104 1339 1330 1391 confinis
1352 1341 1475 1404 (nec
1510 1361 1617 1393 non
1656 1347 1705 1394 D
1726 1345 1744 1394 i
1765 1363 1963 1416 oryg—

75 1408 276 1458 matis
314 1408 664 1476 insculpti
704 1420 758 1460 et
793 1409 1167 1472 biformis,
1222 1428 1358 1478 quae
1409 1412 1465 1460 in
1516 1413 1702 1464 eadem
1732 1417 1962 1484 regione

75 1478 214 1528 lecta
259 1481 403 1541 sunt)
444 1479 838 1530 subconcolore
877 1480 1572 1549 cinerascenti-hepatica‚
1625 1484 1680 1533 in
1726 1485 1964 1539 confinio

73 1548 522 1616 nigro-limitata.
594 1548 890 1616 Apothecia
918 1548 1174 1612 linearia,
1213 1551 1661 1618 praecedentibus
1690 1555 1959 1622 longiora,

75 1618 329 1669 furcatim
364 1618 786 1669 substellatimve
823 1619 1123 1679 ramulosa,
1172 1619 1414 1671 conferta
1436 1656 1448 1680 ,
1489 1622 1714 1674 subinde
1755 1637 1967 1677 anasto-

76 1688 362 1750 mosanfia,
401 1687 459 1737 in
489 1690 690 1740 nostris
719 1688 1008 1757 juvenilia,
1061 1707 1085 1739 a
1133 1690 1374 1757 margine
1417 1691 1649 1743 thallode
1703 1696 1964 1747 tumidulo

80 1759 423 1822 suhocclusa,
463 1759 755 1810 madefacta
786 1759 1064 1810 hincinde
1096 1758 1358 1812 denudata
1386 1772 1515 1812 atra.
1568 1765 1783 1814 Thecae
1818 1784 1963 1835 mag-

77 1845 178 1879 nae
198 1865 210 1888 ‚
252 1829 484 1895 oblongo
504 1860 522 1869 -
542 1830 865 1896 cylindricae
884 1867 898 1892 ,
947 1830 1266 1902 quindecies
1294 1830 1360 1882 ad
1391 1832 1624 1902 vigesies
1664 1836 1964 1901 annulatae,

76 1899 284 1950 annulis
323 1901 581 1969 quadrato
600 1901 926 1952 -cellulosis.

219 2003 421 2056 Crescit
463 2007 518 2057 in
559 2006 816 2060 arborum
855 2008 1054 2060 cortice
1076 2026 1250 2078 prope
1287 2006 1467 2072 Parti,
1515 2004 1730 2076 confine
1776 2009 1968 2064 leelo-

74 2075 293 2127 tremati
318 2078 647 2147 marginum.

403 2246 448 2288 2.
494 2252 1010 2291 LE1oGRAMMA
1054 2249 1550 2292 TARTAREUML
1601 2244 1633 2297 ἰ-

215 2367 280 2418 L.
332 2379 507 2417 crusta
545 2367 915 2435 pulverulenta
963 2367 1264 2429 albissima,
1315 2368 1617 2436 apotheciis
1669 2369 1967 2423 linearibus

73 2437 310 2502 angustis
345 2435 602 2488 flexuosis
631 2438 794 2507 longe
829 2439 1146 2489 acuminatis
1175 2438 1528 2510 furcatisque,
1559 2439 1698 2491 disci
1724 2441 1970 2512 margine

73 2507 227 2557 tenui
256 2506 652 2574 pulverulento.

208 2593 361 2646 Icon.
395 2594 490 2646 sel.
514 2605 767 2665 cryptog.
801 2596 910 2646 tab.
941 2594 990 2647 6.
1017 2590 1132 2666 fig.
1170 2566 1224 2648 3¹.

209 2684 430 2735 Thallus
476 2697 819 2748 crustaceuS,
859 2685 1277 2746 crassiusculuS,
1325 2684 1727 2750 subtartareuS‚
1781 2689 1968 2758 nigro-

20 2812 29 2815 ,
68 2766 352 2822 punctatus
402 2756 790 2825 limitatusque.
863 2755 1166 2823 Apothecia
1204 2756 1330 2805 hinc
1378 2756 1551 2807 minus
1580 2770 1827 2809 accurate
1860 2760 1969 2810 cir-

70 2825 396 2892 cumscripta
440 2829 878 2895 marginataque‚
948 2826 1128 2876 medio
1194 2826 1441 2888 dilatata,
1519 2829 1583 2878 ab
1631 2828 1757 2879 hinc
1805 2829 1967 2880 finem

67 2911 255 2944 versus
300 2909 573 2962 angustata
598 2899 910 2948 acuminata.
983 2896 1350 2946 Perithecium
1382 2897 1604 2949 laterale
1642 2899 1723 2960 (in
1756 2901 1959 2951 nostris

67 2963 252 3016 forsan
289 2965 358 3016 ob
398 2966 751 3032 juventutem)
791 2985 1003 3017 sursum
1041 2967 1351 3017 connivens.

214 3051 416 3103 Crescit
450 3053 505 3104 in
546 3054 696 3124 ligno
743 3055 889 3105 nudo
945 3053 1203 3104 arborum
1220 3051 1624 3124 frondosarum
1668 3054 1811 3106 inter
1852 3056 1964 3107 Vil-

70 3119 180 3172 lam
212 3123 280 3173 do
314 3123 420 3174 Rio
455 3125 554 3175 das
595 3124 796 3176 Conlas
832 3134 885 3175 et
916 3122 1220 3189 Rffaracds,
1261 3120 1475 3190 confine
1501 3123 1810 3177 Parmeliae
1838 3125 1966 3178 leci-

71 3193 255 3244 dioidi.

207 3281 455 3332 Adnot.
530 3284 748 3335 Thallus
777 3284 1061 3353 singularis
1096 3301 1204 3334 non
1238 3284 1366 3334 alias
1407 3283 1464 3333 in
1501 3301 1702 3351 genere
1727 3321 1740 3345 ‚
1778 3303 1845 3336 ne
1875 3284 1966 3336 vix

73 3351 290 3420 quidem
329 3353 384 3401 in
421 3354 568 3404 tribu
605 3355 827 3414 obvius,
883 3355 1122 3421 speciem
1164 3357 1291 3405 satis
1330 3355 1665 3423 distinguere
1706 3355 1958 3417 videtur3

73 3437 194 3470 cum
232 3440 359 3473 vero
398 3427 591 3475 Parm
611 3425 748 3475 elia
787 3425 1013 3475 confinis
1053 3425 1217 3474 simili
1252 3425 1478 3492 gaudeat
1515 3425 1707 3484 thano,
1746 3437 1798 3473 et
1835 3442 1965 3491 apo-

71 3490 376 3541 theciorum
425 3495 600 3546 forma
670 3495 956 3562 singularis
1023 3512 1053 3545 e
1116 3495 1267 3544 thalli
1328 3495 1494 3561 ipsius
1543 3494 1966 3545 conformatione

71 3560 313 3627 pendens
351 3563 478 3617 alias
530 3576 680 3617 notas
733 3564 1089 3634 diagnosticas
1127 3583 1235 3618 non
1286 3565 1575 3633 praebeat,
1626 3563 1850 3616 ulterius
1906 3563 1964 3614 in
