2163 3852
625 140 938 194 Lucanum.
984 162 993 171 „
1012 141 1278 197 Uanus.
1784 150 1887 205 107

7 307 17 314 ·
98 310 104 314 ·
148 286 348 340 Incolit
375 287 626 339 corticem
651 288 907 341 arborum
930 281 1426 360 semper-virentium
1443 310 1614 364 prope
1636 290 1889 358 Balciam,

14 355 245 425 confinis
284 356 717 427 Leiogrammati
756 358 1038 413 isabellino
1078 371 1132 412 et
1173 362 1440 434 Graphidt
1491 363 1679 415 niveae
1694 399 1709 426 ‚
1770 381 1887 417 var.

12 429 216 498 cynipi.

463 541 508 583 ὅ.
551 545 877 587 veranus
934 549 1365 589 rhamnorum.
1407 543 1439 596 †

155 633 218 682 U.
257 645 433 684 crusta
476 632 917 702 (hypophloeode
933 634 988 696 2)
1033 636 1613 704 psittaeino-olivacea
1640 639 1896 708 glabrata,

16 700 316 769 apotheciis
354 703 648 753 linearibus
675 703 969 756 latiusculis
999 703 1331 773 longissimis
1375 706 1628 759 flexuosis
1671 713 1897 762 ramosis

13 774 558 833 anastomosantibus,
626 773 848 826 ramulis
900 773 1153 826 brevibus
1220 778 1515 827 undulatim
1581 781 1895 846 cuspidatis,

16 840 166 892 disco
229 842 800 908 plano-canaliculato
858 846 1182 914 sanguineo,
1232 846 1475 916 margine
1518 847 1752 902 thallode
1793 851 1897 919 pli·

16 921 136 963 cato
150 942 167 950 ·
182 911 407 972 reflexo.

151 995 299 1067 ἕχει.
328 986 613 1068 Liclae.fig.
645 1017 695 1068 q.

151 1090 384 1158 Graphis
413 1090 757 1152 haematites,
800 1086 913 1165 'Fee
940 1088 978 1142 l.
1008 1106 1055 1142 c.
1078 1108 1136 1159 p.
1160 1093 1248 1154 45.
1278 1090 1389 1144 tab.
1422 1109 1499 1145 ια.
1524 1090 1638 1164 fig.
1674 1116 1718 1148 1.

153 1167 386 1246 Graphi's
415 1178 760 1246 rubiginosa,
795 1176 906 1229 Fe'e
936 1177 975 1230 l.
1004 1196 1050 1230 c.
1080 1199 1138 1249 p.
1172 1192 1257 1250 47.
1289 1179 1404 1236 tal).
1449 1199 1527 1233 12.
1550 1178 1664 1253 fig.
1697 1194 1744 1248 4.
1764 1222 1777 1247 ,
1819 1186 1898 1241 vi-

223 1247 383 1298 detur
412 1260 576 1299 status
601 1249 800 1316 junior.

155 1336 375 1386 Thallus
402 1349 740 1396 mustaceus,
778 1338 1193 1400 crassiusculus‚
1229 1337 1340 1391 late
1360 1351 1642 1402 extensus,
1686 1344 1743 1392 in
1770 1360 1898 1395 con-

19 1401 149 1455 finio
184 1407 675 1474 nigro-limitatus,
730 1424 847 1456 cum
888 1409 1096 1460 cortice
1137 1410 1431 1478 aequabilis
1471 1422 1526 1461 et
1557 1429 1898 1476 ver1·ucosuS‚

21 1484 79 1523 ut
103 1476 369 1544 originem
413 1495 557 1526 suam
594 1476 1062 1542 hypophloeodem
1100 1494 1222 1529 esse
1271 1491 1325 1530 et
1374 1481 1614 1532 colorem
1664 1484 1901 1547 citatum,

25 1545 119 1612 qui
151 1546 246 1607 sub
279 1565 412 1614 aqua
448 1547 696 1613 prasinus
739 1548 951 1608 evenit,
1003 1565 1034 1598 e
1069 1548 1276 1599 cortice
1309 1549 1550 1616 pendere
1590 1554 1903 1618 suspiceris.

15 1609 318 1680 ,Apothecia
361 1615 569 1682 juniora
618 1618 948 1683 angustiora,
997 1617 1119 1669 velo
1166 1618 1335 1670 denso
1384 1636 1485 1670 nec
1527 1621 1905 1688 pulverulento

21 1683 272 1749 obtecta,
312 1684 523 1735 demum
546 1686 809 1735 denudata
843 1687 1064 1747 latiora,
1101 1687 1221 1739 fere
1245 1689 1459 1740 tertiam
1489 1691 1665 1743 lineae
1698 1706 1908 1762 partem

23 1751 402 1824 adaequantia,
444 1756 641 1806 coloris
674 1757 954 1824 sanguinei
984 1758 1199 1808 demum
1230 1759 1574 1828 nigricantis,
1622 1763 1710 1813 vix
1741 1766 1906 1816 ullum

19 1820 360 1887 solitarium,
413 1828 597 1893 potius
635 1829 810 1876 omnia
856 1829 1003 1878 vario
1046 1828 1207 1879 modo
1249 1847 1349 1897 per
1389 1834 1748 1883 anastomosin
1791 1836 1909 1902 jun-

27 1905 111 1944 cta
132 1895 347 1945 thallum
384 1897 437 1945 in
473 1896 679 1947 areolas
709 1897 880 1946 forma
907 1898 1051 1948 varia
1078 1899 1342 1961 dividunt,
1375 1919 1751 1971 nonnunquam
1785 1923 1909 1957 con-

29 1963 322 2015 fertissima
352 1980 521 2016 semet
561 1967 791 2017 invicem
841 1969 1130 2037 tangentia.
1200 1970 1412 2020 Ramuli
1456 1971 1763 2035 breviores,
1814 1977 1908 2046 qui

26 2038 134 2086 n'on
163 2036 282 2086 aliis
311 2037 628 2104 copulantur
661 2038 831 2106 (quod
863 2039 1034 2088 rarius
1065 2038 1406 2104 observatur)
1450 2041 1565 2093 fere
1589 2042 1716 2095 duas
1742 2045 1910 2103 lineas

27 2105 208 2173 longi,
248 2106 554 2167 divaricati‚
596 2108 913 2177 plerumque
938 2111 1166 2170 alterni,
1199 2111 1373 2161 rarius
1409 2111 1527 2161 bini
1563 2115 1771 2165 ternive
1801 2118 1912 2169 col-

29 2173 193 2236 lecti,
234 2195 391 2244 supra
418 2190 602 2227 ortunr
628 2196 813 2244 parum
845 2178 1082 2241 dilatati,
1132 2180 1196 2230 ab
1225 2181 1352 2231 hinc
1381 2181 1622 2232 undulati
1658 2195 1712 2234 et
1745 2185 1911 2255 longe

22 2245 327 2314 'cuspidati‚
375 2249 547 2296 rarius
593 2248 744 2313 apice
785 2249 1106 2300 brevissime
1136 2248 1368 2315 furcati3
1424 2253 1636 2318 paucis,
1673 2252 1913 2314 flammu-

30 2314 114 2365 lae
168 2315 415 2382 eff'igiem
461 2317 735 2377 referunt,
802 2335 867 2367 ex
912 2337 1018 2388 quo
1068 2336 1267 2370 nomen
1313 2324 1609 2373 sumsimus.
1700 2326 1914 2387 Thecae

26 2402 223 2452 parvae
258 2387 904 2454 oblongo-cylindricae‚
945 2389 1230 2459 quinquies
1261 2393 1568 2453 annulatae,
1609 2394 1690 2444 vel
1713 2432 1726 2456 ,
1768 2399 1913 2466 quod

30 2456 87 2504 in
119 2456 238 2506 aliis
276 2457 400 2506 satis
425 2458 776 2524 conspicuum
809 2470 914 2518 est,
956 2477 1048 2509 sex
1085 2461 1326 2527 sporulas
1359 2462 1608 2528 globosas
1643 2463 1915 2522 foventes.

173 2542 373 2594 Crescit
396 2545 468 2594 ad
491 2545 746 2594 arhoram
781 2546 1030 2596 corit'eem
1052 2564 1226 2616 prope
1240 2545 1411 2612 Pani,
1444 2548 1566 2608 (Gr.
1598 2549 1916 2606 haematites

33 2613 105 2664 ad
128 2614 377 2664 corticem
404 2614 833 2674 Cinclzonarum‚
867 2617 1160 2686 praecipue
1192 2637 1358 2686 supra
1395 2619 1752 2686 epidermiden
1792 2624 1914 2676 Cin-

31 2687 236 2735 chonae
260 2683 574 2751 lanc-isoliae
608 2684 791 2736 Mutis
815 2697 866 2736 et
890 2687 943 2737 ἰη
967 2685 1319 2764 Bonplandia
1352 2685 1657 2757 ἰνζῘὸΖίαίας
1697 2693 1791 2746 Gr.
1818 2714 1912 2746 ra-

36 2754 276 2824 higinosa
312 2756 365 2806 in
391 2757 557 2806 ramis
584 2755 889 2808 Cinclzonae
914 2756 1227 2827 lancijoliae
1251 2777 1504 2810 annosae.
1583 2759 1733 2828 Fe'e.)

175 2847 411 2896 Adnot.
482 2850 568 2897 De
599 2846 815 2897 nomine
857 2844 1025 2897 Feei
1064 2847 1320 2915 specifico
1376 2848 1519 2899 idem
1558 2855 1912 2920 statuendum,

38 2914 180 2986 quod
207 2917 272 2966 ad
302 2918 716 2983 praecedentem
752 2917 991 2984 speciem
1019 2917 1402 2972 adnotavimus.

510 3055 925 3102 4.USTAL1A
969 3064 1355 3102 spumosa·
1398 3054 1428 3106 †

176 3150 240 3199 U.
285 3159 464 3199 crusta
508 3149 786 3199 subaerata
827 3150 1169 3201 nitidiusoula
1225 3167 1658 3216 carneo-rosea,
1699 3148 1922 3225 apothe-

44 3219 145 3270 ciis
177 3218 483 3279 linearibus
504 3220 797 3270 latiusculis
822 3220 1089 3270 undulatis
1135 3223 1465 3288 simplicibus
1496 3226 1925 3296 simpliciterque

42 3290 296 3349 ramosis,
337 3289 568 3348 obtusis,
608 3290 756 3341 disco
788 3291 945 3357 plano
982 3291 1333 3344 canaliculato
1378 3295 1642 3361 puniceo,
1681 3300 1922 3368 margine

41 3359 274 3425 thallode
305 3359 586 3412 tumidulo.

182 3437 450 3497 Iconsssel.
483 3455 734 3516 cryptog.
762 3446 870 3498 tab.
897 3443 1068 3518 7.fig.
1093 3451 1146 3503 5.·

186 3531 417 3604 Graphis
457 3535 797 3588 cinnabarina
818 3574 834 3602 ,
875 3535 978 3589 Fe'e
1003 3537 1038 3590 l.
1073 3556 1121 3595 ο.
1144 3556 1202 3607 ρ.
1229 3547 1318 3605 44.
1348 3540 1456 3593 lab.
1490 3540 1570 3594 13.
1606 3536 1703 3610 fig.
1735 3551 1786 3605 4.
