2163 3852
666 1028 902 1083 ORDO
957 1030 1338 1082 TERTIUS.

224 1253 1229 1329 ‚HRPATICAE
1367 1256 1787 1324 Hssnw

234 1471 648 1530 Character
715 1493 748 1530 e
764 1493 790 1531 s
807 1471 1189 1531 sentialis.
1287 1473 1543 1534 Plantae
1601 1478 1957 1558 acotyledo-

65 1600 219 1654 neae
237 1621 254 1651 ,
314 1580 648 1639 frondosae
690 1579 787 1641 vel
827 1581 1182 1640 surculosae
1198 1623 1217 1653 ,
1276 1583 1711 1663 capsuligerae.

232 1769 651 1829 Character
692 1770 1094 1830 naturalis,
1182 1773 1423 1843 Frons
1466 1787 1738 1834 texturae
1773 1778 1959 1838 cellu-

65 1877 255 1950 losae,
286 1900 505 1959 neque,
540 1879 723 1938 sicuti
755 1901 1124 1952 muscorum,
1171 1900 1204 1938 e
1245 1880 1363 1939 filis
1410 1900 1888 1963 coagmentatae,
1929 1913 1966 1950 a

66 1986 270 2046 forma
314 1986 612 2069 simplici,
674 1989 851 2070 quasi
906 1987 1062 2049 folio
1109 1989 1431 2070 irregulari
1484 1991 1693 2053 lacero
1750 1996 1963 2058 dicho-

67 2111 237 2156 tomo
287 2097 456 2155 humi
496 2098 942 2177 procumbente
986 2114 1049 2158 et
1091 2120 1163 2157 ex
1207 2099 1487 2158 inferiori
1528 2102 1782 2183 pagina,
1846 2109 1962 2182 vel,

68 2206 123 2265 si
176 2228 394 2265 nervus
450 2206 652 2278 adest,
714 2230 748 2266 e
802 2208 975 2270 nervi
1033 2208 1220 2268 dorso
1276 2188 1585 2269 radiculas
1655 2213 1962 2293 gignente,

0 2365 3 2369 ,
67 2336 181 2392 ceu
211 2316 419 2374 Filicis
466 2317 785 2395 cujusdam
822 2317 1211 2398 cotyledone,
1257 2340 1398 2376 mox
1439 2318 1672 2399 duplici
1700 2322 1800 2382 via
1839 2348 1968 2385 ma-

76 2426 170 2504 gis
214 2424 547 2506 perficitur.
631 2426 728 2484 Ab
755 2427 946 2485 altera
988 2442 1160 2508 parte
1194 2426 1473 2486 oriuntur
1505 2427 1676 2499 folia,
1722 2430 1965 2512 elegan-

72 2550 170 2595 ter
210 2533 537 2605 cellulosa,
595 2535 958 2618 plerumque
1011 2536 1305 2606 disticha,
1364 2535 1563 2594 rarius
1611 2538 1966 2616 multifaria,

78 2644 242 2703 cauli
284 2640 556 2722 (anabizi
597 2639 828 2723 Neck.)
871 2645 967 2704 vel
1014 2643 1340 2726 parallele,
1412 2645 1509 2703 vel
1557 2645 1828 2728 oblique,
1873 2653 1968 2711 vel

74 2751 472 2832 transversim
514 2752 768 2825 adnata,
793 2748 855 2831 *)
904 2749 1156 2833 (fingaS,
1204 2753 1488 2813 frondem
1530 2754 1827 2817 linearem
1862 2783 1969 2822 co-

74 2876 300 2930 statam
343 2860 422 2920 ad
462 2860 726 2921 mediam
768 2876 1007 2922 costam
1055 2861 1346 2945 utrinque
1402 2865 1632 2947 pluries
1686 2866 1965 2943 incisam,

134 3151 182 3206 ¹⁹)
240 3152 375 3216 Quae
405 3147 619 3207 margine
651 3162 737 3193 suo
766 3150 937 3195 baseos
968 3152 1092 3196 cauli
1115 3151 1379 3198 secundum
1407 3152 1758 3213 longitudinem
1787 3155 1970 3203 adnexa

326 3232 438 3269 sunt
476 3222 629 3278 folia,
680 3223 1135 3282 horizontalia,

243 3312 365 3360 quae
429 3297 691 3343 secundum
747 3299 1053 3346 latitudinem
1106 3304 1185 3348 vel
1232 3304 1651 3361 transversaliter‚
1709 3307 1973 3355 vertica-

303 3374 418 3429 lia,

249 3462 372 3508 quae
414 3448 616 3511 oblique
663 3449 788 3497 cauli
829 3449 1120 3508 adhaerent,
1168 3455 1666 3502 semiverticalia
1708 3456 1851 3505 nobis
1892 3472 1972 3505 au-

304 3523 458 3570 diunt.
