2163 3852
600 135 918 190 lemannus-⁷
974 136 1371 191 Lniocnnnu.
1859 143 1931 197 97

312 302 356 345 3.
396 308 908 348 amoenamus
948 286 1570 347 scAnp'runA'r‘un.
1616 300 1648 354 -ι-

51 454 55 458 Α
173 392 236 442 L.
284 405 460 443 crusta
509 405 687 443 cerata
727 393 1071 444 nitidiuscula
1118 395 1437 455 straminea,
1480 384 1790 460 'apoth'eciis
1822 390 1918 442 ob·

31 461 558 529 longo-linearibus
606 461 861 513 flexuosis
920 463 1048 512 hinc
1100 463 1225 513 inde
1274 464 1506 514 dilatatis
1573 461 1916 523 subfurcatis,

32 530 185 582 disco
215 531 494 582 latiusculo
516 569 529 594 ,
567 534 808 601 margine
842 533 991 583 tenui
1027 533 1430 584 subconcolore.

167 616 316 668 Icon.
343 618 438 670 sel.
470 628 722 688 cryptog‚
752 620 861 669 tab.
895 614 1074 688 6.fig.
1106 636 1154 669 2.

165 707 398 775 Graphis
441 709 789 775 scalpturata,
829 707 973 758 Ach.
1010 705 1146 776 Syn.
1172 725 1229 774 p.
1263 705 1347 761 86.

170 793 266 843 vix
310 795 568 846 Arthonia
619 795 849 857 obtrita,
917 793 1027 845 Fe'e
1072 794 1108 845 l.
1159 813 1203 844 c.
1243 813 1301 863 p.
1346 795 1431 844 51.
1468 790 1578 843 tab.
1617 803 1694 857 ¹4·
1721 788 1829 863 fig.
1866 809 1914 844 2.

228 863 322 913 cui
347 863 600 932 plantam
631 865 1008 926 Aelim-ianam
1041 864 1320 932 subjungit
1359 872 1568 911 auctor.

167 953 377 1002 Thallus
423 965 762 1016 crustaceus,
834 955 1162 1023 laevigatus,
1221 954 1276 1002 in
1323 952 1912 1019 corticibussemper-

25 1023 344 1082 virentium,
401 1024 477 1073 uti
519 1024 655 1074 solet
694 1025 817 1088 (cfr.
862 1025 1073 1076 observ.
1124 1042 1175 1091 p.
1213 1023 1355 1087 63.)‚
1405 1021 1594 1071 durior
1632 1033 1685 1071 et
1721 1022 1914 1072 zonula

24 1093 294 1143 erenulata
344 1093 498 1161 nigra
544 1094 818 1144 limitatus.
902 1095 1199 1162 Apothecia
1255 1111 1440 1159 parum
1483 1109 1642 1158 supra
1679 1103 1914 1141 crustam

22 1162 409 1230 prominentia,
461 1163 632 1213 forma
658 1165 920 1232 imprimis
950 1164 1013 1214 ad
1046 1165 1304 1214 corticem
1343 1163 1715 1212 frondosarum
1751 1161 1911 1221 varia,

22 1232 328 1293 rotundata,
368 1233 596 1301 oblonga
622 1246 674 1284 et
700 1236 915 1294 lineari,
955 1234 1081 1283 hinc
1109 1234 1233 1283 inde
1266 1244 1538 1300 angustata
1566 1242 1621 1280 et
1648 1229 1908 1290 difformi,

21 1303 193 1353 altero
224 1303 375 1370 apice
412 1304 728 1365 rotundato,
776 1307 944 1354 altero
987 1304 1250 1354 caudatim
1290 1301 1597 1368 cuspidato‚
1648 1300 1713 1348 ad
1745 1299 1910 1350 corti·

20 1390 135 1422 cem
159 1373 687 1439 sempervirentium,
740 1375 1006 1441 imprimis
1047 1391 1234 1425 versus
1274 1370 1585 1439 speciminis
1627 1369 1902 1430 ambitum,

21 1442 345 1509 simpliciter
371 1443 592 1493 furcata.
667 1445 864 1494 Discus
896 1444 1255 1508 praecedente
1286 1443 1579 1507 angustior.
1655 1439 1906 1489 Perithe-

21 1512 162 1562 cium
190 1513 409 1561 laterale
439 1523 628 1573 tenue,
667 1513 818 1562 basin
847 1531 1031 1563 versus
1065 1513 1278 1578 saepius
1308 1510 1693 1560 tenuissimum.
1760 1512 1903 1558 Mar-

19 1599 90 1651 go
118 1581 377 1631 thallodes
405 1582 971 1642 submembranaceuS,
1011 1599 1131 1632 cum
1169 1581 1334 1653 thallo
1379 1579 1594 1648 quidem
1631 1578 1907 1637 concolor,

22 1652 91 1702 ob
128 1652 440 1701 tenuitatem
478 1671 605 1703 vero
664 1664 716 1701 et
758 1654 1140 1720 pellucidatem
1183 1651 1481 1701 albescens.
1556 1649 1771 1698 'l'hecae
1813 1646 1911 1698 ob-

18 1720 240 1789 longae,
298 1739 469 1792 usque
523 1724 751 1792 vigesies
816 1723 1122 1782 annulatae,
1200 1721 1410 1771 annulis
1462 1718 1760 1789 quadratim
1805 1714 1915 1767 cel-

21 1791 225 1842 lulosis.

171 1877 371 1929 Crescit
393 1898 564 1949 prope
592 1877 828 1930 Bobium
860 1880 933 1930 ad
959 1878 1210 1929 corticem
1239 1875 1496 1927 arborum
1527 1872 1914 1944 semperviren-

19 1947 190 2014 tium,
245 1945 459 2013 confine
507 1950 772 2018 Graphidi
817 1952 1032 2011 niveae,
1087 1968 1205 1999 var.
1256 1945 1443 2016 cynlpi
1493 1955 1543 1994 et
1592 1943 1912 2013 Leiogram·

16 2020 150 2069 mati
215 2019 535 2086 isabellc'1203
598 2021 855 2071 arborum
903 2017 1310 2090 frondosarum
1374 2010 1590 2082 confine
1643 2013 1912 2065 Leoideae

0 2086 366 2160 ferrugineas:
401 2110 518 2141 var.
559 2091 855 2147 coccineae.

350 2231 393 2275 6.
438 2238 952 2276 LEIOGRAMMA
994 2235 1499 2274 LATERITIUM.
1552 2221 1585 2274 †

155 2325 219 2372 L,
249 2333 427 2373 crusta
461 2323 721 2390 laevigata
754 2324 1018 2384 lateritia,
1079 2320 1379 2389 apotheciis
1416 2317 1664 2385 oblongis
1704 2327 1758 2365 et
1790 2313 1913 2364 bre-

18 2392 162 2442 viter
191 2394 728 2459 lineari-elongatis,
784 2392 1146 2459 simplicibus,
1204 2391 1408 2442 obtusis
1456 2388 1581 2437 hinc
1621 2385 1745 2434 inde
1779 2383 1913 2434 dila-

23 2463 144 2513 tatis
164 2500 177 2524 ,
218 2463 462 2530 pluribus
484 2463 734 2525 'seriatim
761 2463 1033 2530 congestis
1066 2479 1184 2512 cum
1216 2460 1456 2527 margine
1484 2455 1748 2507 tumidulo
1783 2470 1912 2505 con-

25 2532 211 2584 colore
240 2532 667 2600 prominentibus
687 2570 699 2593 ,
740 2534 891 2582 disco
920 2533 1130 2583 latiore.

156 2621 378 2672 Thallus
423 2633 763 2681 crustaceus,
814 2621 1027 2682 tenuis,
1067 2616 1365 2688 aequabilis
1405 2630 1505 2664 nec
1540 2613 1774 2672 nitiduS,
1815 2627 1907 2665 co-

16 2694 136 2743 lore
175 2692 449 2750 lateritio,
493 2693 974 2759 nig1·o·-limitatu5.
1048 2688 1344 2755 Apothecia
1387 2684 1611 2751 plurima
1654 2682 1904 2762 oblonga,

12 2763 114 2813 alia
146 2761 668 2828 lineari-elongata,
720 2762 1044 2812 rectiuscula
1081 2772 1136 2810 et
1180 2757 1500 2824 simpliciter
1549 2764 1793 2813 curvata,
1850 2767 1911 2800 m

14 2830 120 2882 fine
159 2831 346 2882 obtusa
395 2831 619 2881 subinde
659 2831 871 2882 dilatata
917 2843 971 2881 et
1022 2830 1197 2898 {quasi
1240 2845 1303 2877 ex
1344 2825 1514 2874 initiis
1552 2820 1905 2901 ramulorum)

15 2902 373 2970 emarginata,
413 2903 557 2950 inter
601 2902 806 2951 minora
847 2901 1100 2951 nonnulla
1143 2895 1551 2954 subdifformia,
1604 2895 1691 2944 vel
1726 2892 1909 2971 solita-

9 2972 90 3022 ria
122 2972 206 3024 vel
238 2973 390 3038 plura
423 2971 553 3033 (duo
591 2972 654 3020 ad
685 2975 794 3030 sex)
830 2972 1069 3021 seriatim
1118 2978 1403 3035 congesta,
1458 2965 1586 3014 hinc
1627 2961 1908 3028 Glyph1÷

11 3042 116 3092 dis
154 3041 390 3110 (generis
430 3042 666 3108 analogi)
706 3042 769 3090 ad
819 3043 1058 3109 speciem
1107 3037 1440 3089 verruculam
1487 3046 1707 3083 tenuem
1739 3032 1909 3112 linea·

9 3129 159 3172 rem,
210 3130 320 3162 non
361 3128 488 3160 vero
541 3112 740 3170 albam,
793 3113 889 3162 sed
931 3129 1048 3162 cum
1094 3110 1255 3159 thallo
1307 3105 1654 3157 concolorem
1702 3112 1907 3152 consti-

16 3181 248 3241 tuentia,
288 3181 583 3231 vetustiora
626 3181 752 3231 hinc
796 3182 921 3232 inde
971 3178 1311 3232 confluentia.
1386 3175 1594 3224 'l'hecas
1628 3172 1739 3222 vidi
1774 3171 1904 3220 alias

10 3251 239 3301 minutas
287 3251 522 3318 oblongo
555 3281 576 3289 -
609 3252 956 3316 cylindricas,
1030 3263 1113 3300 ter
1157 3251 1224 3299 ad
1269 3246 1560 3315 quinquies
1615 3243 1902 3299 annulatam,

14 3332 231 3371 octonas
261 3320 644 3379 cohaerentes,
699 3322 827 3372 alias
876 3339 1047 3390 aequo
1091 3319 1251 3369 modo
1294 3316 1674 3372 cohaerenteS,
1731 3311 1902 3390 multo

7 3390 264 3456 majores,
303 3391 423 3441 fere
466 3390 781 3458 quindecies
816 3391 1192 3460 angustissime
1225 3386 1492 3437 annulatas
1517 3421 1531 3442 ,
1583 3400 1774 3452 quovis
1815 3395 1906 3428 an-

7 3461 135 3511 nulo
178 3462 420 3528 sporulas
468 3462 715 3527 globos-as
764 3463 1014 3533 (quarum
1056 3460 1192 3511 duae
1234 3458 1292 3508 in
1340 3473 1446 3507 uno
1495 3454 1687 3506 thecae
1732 3451 1900 3501 latere

13 3529 389 3597 observantur)
428 3530 756 3583 includente.

1163 3609 1203 3662 7
