2163 3852
187 151 294 204 214
789 143 1097 190 Lmumns.
1163 138 1469 187 Pamfflma.

193 294 651 350 beo-fuscescens,
690 288 830 339 infra
863 287 1036 358 (quod
1067 288 1123 337 in
1142 285 1424 338 Stictarum
1448 286 1729 353 juventute
1751 286 1890 349 solet
1923 287 2071 353 esse)

201 365 422 417 densius
460 359 1102 426 fusco-nigro-villosus
1141 356 1402 424 cyphellis
1446 355 1712 406 immersis
1749 355 1900 406 albis.
1973 359 2075 406 La-

205 435 379 487 ciniae
417 431 713 496 elongatae,
753 428 1103 488 sublineares,
1138 437 1384 493 patentes
1432 439 1486 476 et
1525 425 1865 486 divaricatae‚
1903 443 2076 494 oppo-

206 506 358 566 sitae,
408 501 503 550 vix
540 515 767 564 unquam
833 503 932 560 (ut
975 499 1031 546 in
1073 498 1231 546 icone
1283 495 1480 559 citata)
1519 495 1867 553 subalternae,
1922 497 2075 561 apice
2142 558 2145 559 ⁷

206 571 536 628 rotundatae‚
576 568 800 618 subinde
853 569 1049 619 sensim
1088 577 1422 632 angustatae,
1478 566 1651 613 rarius
1701 567 1786 628 (ut
1832 565 1887 613 in
1933 565 2079 614 adul-

205 642 474 699 tioribus)
538 655 568 687 e
607 638 874 688 divisione
933 638 1156 686 ulterius
1202 635 1586 702 progrediente
1636 645 2080 685 retuso-trunca-

205 724 311 772 tae,
353 721 406 759 et
436 707 577 776 quod
598 709 882 774 singulare,
917 708 1095 774 plures
1127 706 1246 755 folii
1275 706 1338 754 ad
1359 707 1524 754 instar
1555 703 2080 772 phanerogamarum,

208 798 376 833 nervo
397 778 575 828 medio
609 777 984 844 longitudinali
1015 794 1202 828 versus
1236 775 1438 842 apicem
1468 786 1821 827 evanescente
1849 785 2081 824 notatae.

350 872 549 925 Crescit
584 874 658 922 ad
694 874 839 942 ripas
858 870 1034 938 fluvii
1071 872 1432 921 Amazonum.

349 992 412 1040 P.
449 988 483 1038 d
503 1004 680 1038 amae
701 1005 727 1037 c
747 989 937 1038 ornis
957 1025 969 1048 ‚
1007 986 1353 1054 Weigelii
1375 1003 1390 1049 3
1438 985 1592 1035 thalli
1618 982 1832 1034 laciniis
1862 980 2083 1049 subpin-

209 1059 444 1112 natifidis
494 1058 776 1108 latioribus
799 1095 811 1119 ‚
866 1058 1196 1126 marginibus
1245 1056 1538 1106 sublobatis
1588 1053 1830 1105 flexuoso
1847 1083 1868 1092 -
1889 1052 2085 1120 crispis

211 1129 628 1204 puhinuliseris,
669 1128 850 1177 subtus
900 1129 1060 1196 nigro
1075 1157 1094 1167 ·
1114 1127 1267 1177 fusco
1281 1160 1302 1168 -
1319 1126 1526 1178 villosis
1564 1123 1948 1192 cyphelliferis.

354 1226 520 1278 Sticta
557 1224 923 1275 damaecornis
960 1224 1015 1288 β)
1055 1223 1316 1291 Weigelii
1339 1258 1352 1280 ,
1388 1220 1530 1272 Ach.
1569 1218 1900 1288 Lichenogr.
1940 1216 2088 1268 univ.

414 1314 471 1362 p.
510 1294 630 1356 446.
669 1324 738 1334 -
789 1292 980 1359 Ejusd.
1020 1295 1155 1361 Syn.
1187 1311 1242 1360 p.
1285 1292 1404 1343 231.

354 1409 695 1477 specimina,
749 1421 932 1460 nostra
990 1407 1230 1468 sterilia,
1301 1404 1750 1474 praecedentibus
1788 1402 2090 1464 simillima,

218 1479 311 1532 sed
348 1480 626 1539 adultiora,
666 1480 883 1545 majora,
920 1478 1190 1529 multoties
1229 1476 1397 1527 divisa
1435 1488 1489 1528 et
1525 1475 1786 1544 rigidiora
1823 1473 2095 1524 subcoria-

219 1568 330 1601 cea.
399 1550 654 1600 Laciniae
692 1551 941 1608 latiores,
980 1549 1262 1598 latitudine
1311 1547 1427 1597 sere
1464 1545 1867 1612 semipollicari,
1907 1543 2094 1594 subtus

219 1621 379 1688 nigro
411 1650 431 1660 -
462 1620 789 1670 fuscescenti
815 1650 835 1658 -
861 1619 1085 1669 villosae
1108 1653 1120 1677 ,
1209 1618 1388 1667 lobato
1424 1647 1444 1656 -
1474 1613 1817 1683 pinnatilidae
1840 1649 1853 1672 ,
1913 1612 2094 1679 pinnis

216 1689 641 1740 lebate-incisis
703 1690 852 1755 apice
908 1689 1034 1739 hinc
1101 1687 1248 1737 varie
1294 1686 1535 1737 formatis
1601 1684 1944 1751 emarginatis
2009 1681 2098 1732 vel

215 1759 556 1818 rotundatis,
610 1759 849 1826 margine
890 1758 1125 1824 integro,
1167 1757 1515 1806 circumcirca
1565 1754 1638 1816 (si
1670 1755 1849 1819 apices
1886 1752 2102 1802 lacinia-

200 1845 336 1878 vrum
375 1828 636 1893 excipias)
672 1828 962 1895 pulvinulis
989 1824 1621 1894 nigro-fuscescentibus
1656 1825 1720 1873 ad
1752 1824 1947 1873 lentem
1979 1839 2100 1889 gra-

219 1898 416 1947 nulatis
467 1897 608 1963 (fere
647 1899 832 1968 quales
868 1899 925 1947 in
961 1896 1463 1952 Umbilicariis
1502 1894 1878 1958 observantur)
1928 1891 2103 1961 nigris

222 1979 434 2021 ornato.

369 2062 573 2116 Crescit
610 2079 732 2112 cnm
759 2062 1085 2131 pracedente
1119 2062 1173 2113 in
1211 2059 1425 2113 muscis.

372 2182 616 2234 Adnot.
689 2174 737 2232 Α
760 2180 1054 2231 charius
1129 2177 1425 2245 marginem
1491 2176 1920 2245 pulverulentum
1955 2170 2109 2235 dicit,

233 2250 379 2322 quod
424 2252 607 2302 forsan
642 2266 797 2301 error
845 2262 925 2299 est
971 2248 1309 2316 perspicil'lio
1347 2266 1455 2298 non
1489 2246 1747 2297 adhibito.
1786 2271 1853 2282 —
1922 2243 2113 2294 Planta

230 2334 417 2374 nostra
453 2322 582 2372 licet
628 2319 838 2369 luxurie
876 2319 1185 2387 prolifieans
1231 2330 1286 2367 et
1326 2317 1555 2378 sterilis,
1615 2313 1875 2383 cyphellis
1918 2314 2114 2383 gaudet

232 2393 498 2459 copiosis,
556 2391 613 2440 id
654 2390 798 2459 quod
841 2389 1060 2458 probat,
1111 2388 1380 2454 cyphellas
1419 2406 1528 2438 non
1561 2398 1619 2437 ut
1667 2384 1948 2452 apothecia
1987 2400 2113 2449 pro-

231 2461 526 2513 lificatione
556 2460 801 2511 imminui
842 2477 1018 2530 neque
1055 2458 1248 2509 exinde
1284 2476 1383 2525 pro
1410 2456 1615 2510 fructus
1643 2455 1884 2524 partibus
1916 2453 2118 2503 haben-

232 2533 328 2584 das
367 2550 508 2583 esse.

377 2632 440 2680 P.
480 2627 996 2686 damaeeorniS,
1047 2621 1482 2692 pinnatifida
1524 2622 1586 2684 †3
1637 2621 1801 2670 thallo
1845 2620 2115 2682 coriace0‚

243 2700 429 2750 subtus
465 2698 993 2763 fusco-lanuginoso
1032 2693 1414 2760 cyploellisero,
1453 2692 1662 2741 laciniis
1692 2691 2118 2757 sinuato-pinna-

241 2769 408 2820 tifidis
475 2781 530 2819 et
584 2767 861 2818 multifidis
884 2804 896 2827 ,
969 2765 1213 2815 lacinulis
1274 2774 1458 2812 retuso
1484 2761 1809 2821 ·truncatis‚
1879 2761 2120 2810 scutellis

247 2839 447 2908 sparsis
491 2850 543 2888 et
582 2837 992 2905 1narginalibuS‚
1032 2835 1269 2902 margine
1304 2833 1453 2882 tenui
1491 2848 1707 2883 croceo.

383 2938 579 2985 Forma
604 2935 887 2985 transitum
915 2950 1102 2999 parans
1141 2933 1196 2980 in
1223 2940 1556 2998 sequentem.
1630 2929 1847 2978 Thallus
1879 2946 2123 2996 magnus,

245 3006 483 3056 iteratim
524 3017 579 3054 et
614 3006 756 3055 varie
791 3001 1468 3072 pinnatifido-laciniatus‚
1509 2999 1870 3065 praecedente
1895 2997 2123 3060 firmior,

247 3076 430 3125 subtus
470 3076 722 3141 pallidior
751 3075 951 3134 fuscus,
993 3072 1250 3139 cyphellis
1294 3069 1639 3137 paucioribus
1678 3069 1892 3136 sparsis.
1968 3067 2126 3117 Laci-

245 3146 367 3195 niae
409 3145 515 3196 late
564 3156 618 3194 ct
662 3145 927 3211 profunde
959 3144 1226 3201 sinuatae,
1291 3139 1611 3190 bi-trifidae
1655 3151 1707 3190 et
1756 3137 2146 3202 subpalmatim-

248 3216 482 3278 divisae,
548 3215 699 3282 apice
744 3216 870 3265 hinc
915 3214 982 3263 ob
1041 3213 1364 3263 divisionem
1424 3211 1737 3260 ulteriorem
1780 3208 2130 3274 incipientem

248 3286 456 3352 saepius
507 3286 722 3336 dilatato
766 3295 1269 3342 truncato-retuso,
1308 3282 1390 3332 vel
1433 3281 1926 3330 sinuato-crenato.
2001 3279 2131 3327 Scu-

247 3356 408 3406 tellae
445 3357 618 3406 rarius
667 3354 1002 3422 marginales,
1044 3354 1332 3420 pleraeque
1368 3368 1609 3418 sparsae,
1645 3350 1791 3399 disco
1840 3349 1998 3415 plano
2038 3347 2132 3396 de-

250 3445 393 3476 mum
452 3427 863 3477 convexiusculo
912 3426 1122 3484 vinos0,
1173 3424 1411 3491 margine
1458 3421 1609 3473 tenui
1661 3436 1857 3471 croceo
1921 3419 2133 3469 demum

256 3507 609 3549 evanescente
647 3512 747 3547 nec
785 3496 1149 3563 nigrescente.
