2163 3852
654 71 954 123 Incultum.
994 73 1306 122 Panniculi.
1846 80 1949 134 179

69 220 483 286 Pau-meliis,
520 235 624 271 nec
643 217 869 280 mirum,
906 219 1127 271 thallum
1160 218 1479 274 fibrillosum
1516 223 1780 290 excipulis
1819 244 1941 288 gnu-

71 298 204 348 dere
227 292 519 343 fibrillosis.
564 315 635 326 —-
691 289 815 340 Alio
859 308 1020 341 sensu
1067 291 1542 343 Wallrothius
1606 294 1942 345 acutissimus

69 369 362 420 Usneam
396 375 653 428 usurpare
681 358 910 421 videtur,
947 361 1375 423 Bamalinas‚
1417 365 1622 414 Cetra
1644 364 1817 412 riam
1862 367 1941 412 is-

70 434 446 491 landicam,
483 433 850 480 Borreram
892 431 1064 496 chry
1085 432 1601 497 sophthalmarq
1627 433 1779 482 Ach.
1824 449 1940 483 cum

71 503 321 557 affinibus
349 502 452 551 huc
487 499 761 559 reserens,
815 511 872 550 ut
913 500 1303 551 Usneaceas
1350 504 1636 570 complecti
1699 503 1942 553 videatur

73 576 204 627 olim
229 592 257 622 a
283 572 437 622 nobis
469 579 524 618 et
561 569 847 618 Friesio
887 571 1226 638 propositas-»3
1265 571 1393 620 haec
1417 590 1543 622 vero
1566 574 1781 624 nonnisi
1814 575 1942 622 thal-

67 645 125 696 lo
151 643 402 710 utrinque
429 637 718 690 concolore
752 657 779 688 a
817 640 1193 690 Parmeliis
1235 642 1493 709 distingui
1537 656 1758 709 possunt
1786 644 1941 703 (cfr.

52 731 231 781 supra
261 714 440 762 adnot.
479 726 529 775 p.
559 710 669 771 55.)
710 708 856 774 cujus
888 711 1104 780 quidem
1128 710 1538 760 inconstantiam
1572 715 1863 780 praecipue
1890 717 1942 764 in

72 787 113 835 C
133 803 159 832 e.
178 781 385 832 trarii
405 798 427 829 s
448 815 460 839 ‚
522 781 566 827 B
585 795 782 829 orror
800 779 816 827 i
835 797 857 827 s
931 780 1201 830 nonnullis
1257 782 1302 830 A
1321 780 1478 830 char
1500 783 1555 830 ii
1625 786 1942 849 conspicere

69 855 219 912 licet,
256 867 357 902 nec
398 849 691 899 consultum
729 849 962 911 videtur,
1003 869 1030 900 a
1068 852 1106 901 C
1130 852 1430 900 etrariis
1470 852 1720 921 utrinque
1752 872 1947 903 coneo-

71 924 278 974 loribus
309 920 434 970 alias
462 935 745 968 removere
781 919 1081 971 discolores
1115 920 1333 989 quidem
1366 922 1459 970 sed
1503 925 1684 973 subtus
1742 925 1947 991 glabras

69 1009 173 1044 nec
217 991 545 1049 radicantes,
587 989 824 1039 scutellis
864 991 988 1041 dein
1027 991 1229 1041 adnatis
1259 1008 1425 1058 aeque
1468 992 1764 1057 distinctas7
1822 1013 1866 1043 v.
1902 1014 1963 1046 c.⁴

71 1066 264 1114 Parm
284 1098 295 1110 .
336 1059 446 1109 alb
463 1076 494 1108 o
512 1089 527 1095 -
544 1076 670 1125 pun
690 1076 716 1108 c
738 1070 755 1107 t
774 1071 834 1108 at
852 1080 876 1110 a
896 1079 947 1109 m
985 1060 1127 1111 infra
1175 1060 1596 1110 describendam.
1673 1064 1947 1132 Siquidem

72 1134 142 1184 ob
186 1128 605 1181 Roccellam
644 1148 670 1177 a
707 1131 1130 1181 W‘Vallrothio
1170 1131 1235 1179 ad
1282 1134 1676 1198 Parmelias
1727 1135 1948 1185 relatam

70 1201 333 1269 suspicari
362 1200 490 1248 licet
532 1202 822 1249 Auctorem
872 1205 1140 1252 Usneae
1179 1218 1303 1251 suae
1345 1201 1725 1266 hypothecium
1764 1205 1952 1256 deesse

68 1273 294 1340 opinari,
336 1269 564 1319 eundem
602 1271 872 1322 commisit
907 1288 1169 1334 errorem,
1210 1289 1370 1340 quem
1401 1275 1723 1338 Meyerus
1762 1275 1827 1324 de

68 1359 200 1393 nere
237 1350 330 1390 s‘uo
370 1343 411 1388 P
430 1357 567 1389 arm
589 1340 648 1388 el
672 1341 749 1389 ia.

215 1414 507 1460 Praeterea
543 1412 819 1460 Usneae
866 1410 1553 1479 chrysophthalmae
1612 1423 1666 1463 et
1716 1413 1910 1462 eoral
1935 1445 1953 1453 -

69 1482 255 1534 loidi
316 1480 424 1530 suis
478 1485 684 1529 Auctor
719 1482 966 1530 scutellas
1009 1482 1255 1531 attribuit
1297 1483 1644 1545 terminales3
1714 1483 1767 1532 id
1821 1504 1949 1534 vero

65 1554 122 1602 in
159 1552 348 1601 formis
385 1550 634 1617 pendulis
672 1568 930 1616 nusquam
968 1551 1313 1612 observatur,
1355 1552 1410 1599 in
1442 1553 1638 1602 erectis
1673 1553 1797 1602 dein
1834 1572 1954 1603 scu-

66 1623 226 1674 tellae
257 1620 505 1688 geniculo
534 1618 682 1669 thalli
705 1618 894 1669 reflexi
918 1620 1112 1670 affixae
1133 1632 1272 1682 sunt>
1313 1622 1462 1688 cujus
1490 1641 1625 1689 apex
1655 1635 1806 1689 parte
1837 1643 1961 1692 qua-

67 1694 187 1743 dam
219 1708 338 1740 cum
399 1690 645 1756 excipulo
700 1701 958 1740 connatus
998 1693 1353 1741 communiter
1400 1710 1463 1741 ex
1514 1693 1752 1758 ejusdem
1801 1694 1962 1745 dorso

65 1762 316 1831 procedit
353 1758 458 1825 (ab
522 1760 822 1811 Achario
891 1779 954 1827 ap
1000 1761 1299 1812 endiculum
1337 1763 1697 1828 nominatus),
1752 1765 1835 1814 vel
1874 1766 1965 1814 ubi

65 1835 156 1884 hic
202 1831 375 1890 rarius
412 1830 590 1890 deest,
644 1830 709 1880 ad
768 1834 936 1900 margi
981 1834 1064 1881 'em
1118 1834 1456 1881 scutellarum
1508 1833 1604 1882 sub
1654 1834 1828 1884 sorma
1891 1836 1966 1885 ci·-

66 1905 170 1954 liae
207 1903 290 1952 vel
327 1902 570 1950 binarum
605 1912 874 1951 ternarum
905 1902 1135 1952 caeteris
1172 1903 1477 1970 longiorum
1501 1916 1739 1971 apparet.
1818 1906 1970 1956 Posi-

68 1974 147 2024 tio
174 1983 424 2040 preterea
471 1971 811 2020 scutellarum
831 1973 886 2021 in
909 1973 1101 2022 Usneis
1123 1976 1341 2034 erectis,
1382 1991 1516 2040 quae
1555 1975 1819 2039 imprimis
1842 1995 1968 2027 ocu·-

37 2045 150 2095 .los
175 2043 320 2100 ferit,
357 2041 710 2092 horizontalis
732 2041 787 2090 in
817 2041 980 2092 thallo
1007 2043 1253 2094 verticali
1281 2043 1475 2093 formis
1508 2045 1752 2110 pendulis
1792 2046 1962 2107 deest,

73 2113 208 2180 Phy
225 2111 396 2162 sciis
447 2122 729 2180 praeterea
768 2113 1016 2179 plur-ibus
1065 2114 1264 2163 nostris
1305 2115 1599 2163 communis
1652 2127 1751 2165 est.

216 2186 275 2232 In
324 2182 648 2232 sectionibus
700 2183 1030 2232 naturalibus
1086 2184 1476 2233 constituendis
1536 2202 1736 2252 genera
1788 2187 1964 2255 qualia

69 2263 197 2321 post
230 2251 518 2302 Acharium
545 2253 960 2314 emendavimus,
1001 2268 1120 2301 cum
1143 2254 1271 2320 aliis
1309 2255 1578 2304 nonnullis
1608 2274 1636 2305 a
1674 2257 1961 2307 Friesio

73 2323 385 2391 nuperrime
424 2319 721 2390 propositis
757 2323 1142 2388 conjunximus.
1220 2325 1505 2374 Sectiones
1557 2325 1715 2374 binae
1754 2316 1967 2393 priores

81 2394 147 2447 ad
187 2393 421 2458 excipuli
460 2392 720 2453 formam,
760 2393 1097 2460 posteriores
1137 2392 1297 2443 {hallo
1336 2394 1604 2456 foliaceo,
1657 2397 1741 2445 vel
1782 2398 1965 2446 sub1us

73 2463 348 2515 radicante
389 2462 880 2529 (Amphiloma‚
920 2462 1054 2527 Phy
1080 2463 1258 2520 scia,
1329 2466 1420 2511 lm
1444 2465 1475 2512 b
1499 2466 1558 2513 ri
1583 2483 1609 2514 c
1634 2468 1823 2526 aria)
1880 2467 1964 2516 vel

77 2536 265 2586 subtus
320 2533 492 2582 libero
548 2532 739 2581 villoso
798 2532 1179 2594 (Lobaria‚
1236 2533 1502 2595 Stieta)
1573 2536 1656 2585 vel
1710 2538 1965 2604 utrinque

77 2604 262 2673 glabro
301 2602 691 2654 subconcolore
730 2602 852 2665 (Ce
871 2614 887 2650 t
909 2602 1123 2661 raria‚
1165 2603 1209 2649 E
1230 2617 1343 2651 ver
1365 2622 1395 2651 n
1422 2603 1514 2664 ia)
1554 2605 1638 2654 vel
1661 2619 1970 2656 constanter

77 2674 238 2725 tereti
278 2677 434 2726 ‹„Usn
457 2690 485 2722 e
511 2691 538 2722 a
575 2672 760 2735 Ach.)
800 2673 1216 2739 distinguuntur.
1259 2676 1319 2721 In
1350 2675 1534 2741 quavis
1571 2676 1687 2725 fere
1711 2678 1967 2727 sectione

77 2744 287 2794 formae
323 2743 672 2810 reperiuntur
711 2742 1099 2792 adscendentes
1140 2754 1194 2790 et
1247 2743 1536 2806 depressae
1592 2747 1678 2794 vel
1731 2746 1972 2813 ejusdem

78 2813 287 2881 speciei
337 2814 422 2864 vel
478 2812 789 2865 confinium.
865 2815 922 2860 In
975 2812 1426 2863 adscendentibus
1464 2817 1718 2866 scutellae
1757 2818 1971 2884 saepius

80 2883 504 2950 submarginales
559 2883 779 2951 oblique
836 2882 1060 2943 affixae,
1127 2883 1370 2948 margine
1442 2903 1660 2953 quoque
1726 2885 1970 2955 obliquo.

83 2955 271 3005 Trium
323 2953 618 3002 sectionum
657 2953 1019 3020 posteriorum
1058 2953 1270 3018 species
1332 2972 1466 3021 quae
1528 2967 1727 3006 statura
1795 2971 1973 3007 erecta

82 3024 279 3092 plantis
318 3024 576 3073 accedunt
611 3022 1067 3090 perfectioribus,
1120 3023 1411 3074 earundum
1449 3023 1513 3072 ad
1550 3028 1765 3076 modum
1802 3029 1859 3077 in
1895 3030 1975 3079 lo-

82 3095 161 3144 cis
209 3094 431 3143 declivis
470 3094 732 3160 pendulae
791 3092 1044 3154 evadunt,
1102 3093 1370 3159 imprimis
1428 3095 1472 3142 si
1537 3095 1748 3162 plantae
1797 3099 1975 3146 incre-

81 3175 258 3221 mento
285 3164 527 3214 abnormi
553 3163 834 3233 longitudo
874 3176 1129 3232 augetur,
1171 3163 1445 3216 crassities
1486 3182 1614 3218 vero
1654 3181 1708 3219 et
1744 3167 1973 3217 firmitas

82 3234 465 3287 diminuuntur.

1861 1293 1951 1325 sse-

1859 1313 1889 1343 t>
