2163 3852
241 166 345 220 166
863 158 1170 205 ΙΛΟΗΕΝΕς».
1243 154 1500 208 GLers.

682 323 722 362 2-
778 325 1104 364 GLYPHIS
1188 323 1604 363 ANGULOSA.
1662 314 1690 365 †

377 416 465 468 Gl.
494 424 669 464 crusta
691 414 1001 462 tenuissima
1030 413 1284 478 pruinosa
1321 422 1373 459 et
1397 409 1806 477 hypophloeode
1827 446 1839 468 ‚
1878 422 2131 463 stromate

237 485 517 538 latiusculo
556 484 704 533 tenui
743 483 1075 549 planiusculo
1131 480 1522 548 subanguloso,
1565 479 1865 546 apotheciis
1910 483 2128 530 minutis

234 555 529 608 linearibus
579 553 705 602 dein
752 555 950 620 apertis
995 551 1228 600 dilatatis
1269 551 1536 617 angulosis
1566 551 1979 612 confertissimis
2006 553 2128 601 suh-

237 626 477 677 connatis
518 623 708 691 nigris.

372 706 521 756 Jcon.
558 704 653 755 sel.
694 715 945 773 cryplog.
985 703 1094 753 lab.
1133 697 1341 770 1⁰·,fig·
1389 720 1435 752 2.

375 790 594 839 Thallus
647 801 979 847 crus'taceus,
1045 785 1221 854 quoad
1260 803 1288 834 e
1349 785 1496 835 rimis
1550 796 1603 835 et
1655 785 1832 835 nitore
1879 785 1931 835 in
1991 797 2129 835 statu

231 859 412 910 adulto
473 860 796 909 concludere
836 859 996 916 licet,
1036 856 1504 922 hypophloeodes,
1547 856 1637 916 (in
1683 854 1881 905 nostris
1927 855 2128 920 prioris

229 929 341 980 loci
391 930 580 978 natalis
623 941 774 978 extus
815 929 1066 996 intusque
1114 926 1697 992 fusco—glaucescens,
1762 925 1981 974 alterius
2024 926 2129 974 loci

227 999 349 1050 fere
390 1001 708 1061 alutaceus).
786 999 990 1047 Stroma
1062 997 1234 1044 minus
1279 997 1588 1061 prominens
1637 1013 1791 1064 quarn
1839 994 1893 1042 in
1945 996 2127 1060 specie

226 1070 605 1137 praecedente,
645 1068 841 1117 ambitu
868 1067 1033 1134 magis
1065 1067 1273 1114 sinuato
1299 1068 1637 1133 angulosove,
1680 1066 1968 1114 substantia
1993 1065 2132 1130 ejus.

229 1140 352 1189 dem
382 1139 496 1188 alba
550 1139 765 1200 (forsan
826 1137 892 1187 ob
938 1136 1288 1202 speciminum
1333 1137 1784 1198 adolescentiam)
1825 1135 1886 1183 ad
1918 1136 2130 1184 oculum

228 1210 426 1259 nudum
467 1209 551 1257 vix
595 1209 699 1257 nisi
739 1210 792 1255 in
848 1207 1088 1273 margine
1137 1206 1441 1270 conspicua.
1516 1207 1815 1272 Apothecia
1855 1206 1907 1252 in
1944 1205 2127 1270 juven-

227 1291 341 1329 tute
379 1290 562 1328 exacte
589 1280 840 1336 linearia,
884 1277 1216 1343 Opegrap
1236 1275 1358 1323 hae
1407 1276 1472 1323 ad
1510 1277 1748 1340 speciem
1795 1275 1972 1324 medio
2013 1276 2128 1324 lon-

229 1349 602 1417 giludinaliter
638 1349 826 1396 rimata
866 1346 1022 1406 (lc-012.
1065 1344 1151 1393 cil.
1178 1340 1287 1408 fig.
1341 1343 1420 1393 II.
1477 1347 1574 1406 2.)‚
1640 1363 1760 1393 mox
1802 1344 2128 1396 dehiscentia

228 1420 333 1468 late
363 1431 559 1486 aperta,
602 1419 667 1467 ob
700 1429 929 1466 mutuam
965 1416 1298 1483 pressionem
1338 1415 1587 1481 angulosa
1631 1414 1927 1472 difformia‚
1980 1416 2128 1466 disco

227 1490 686 1557 plano-concavo
728 1499 895 1536 aetate
931 1486 1152 1554 quadam
1191 1486 1680 1550 albitlo-pruinoso
1721 1484 1878 1547 (ic-on.
1918 1480 2129 1551 ciafig,

229 1557 309 1608 Il.
349 1560 398 1610 3.
439 1562 515 1619 4.)
589 1558 898 1608 Peritheeia
935 1557 1147 1605 inferne
1186 1556 1530 1613 crassissima,
1573 1557 1618 1605 si
1659 1555 1929 1605 stromatis
1963 1555 2127 1604 ambi-

227 1641 337 1680 tum
373 1630 594 1694 excipis,
636 1628 848 1676 matrici
884 1626 1176 1675 insidentia
1210 1642 1308 1673 nec
1342 1636 1596 1674 stromate
1627 1625 2123 1686 thalloveflsuffulta,

229 1701 354 1750 dein
380 1701 545 1767 magis
575 1700 814 1748 minusve
845 1694 1169 1747 confluentia
1210 1695 1372 1757 (icon.
1398 1695 1484 1742 cil.
1512 1689 1622 1762 fig.
1664 1694 1745 1745 II.
1773 1695 1870 1757 5.).
1911 1696 2123 1746 Thecae

226 1770 479 1829 minutae,
521 1770 717 1828 evales‚
760 1767 1052 1833 simplices,
1092 1777 1318 1815 octonae
1365 1766 1605 1814 seriatae.

372 1863 570 1914 Crescit
623 1864 676 1912 in
723 1865 981 1911 arborum
1031 1860 1228 1910 cortice
1259 1878 1429 1926 prope
1480 1858 1630 1910 Para'
1678 1870 1728 1911 et
1779 1861 1852 1910 ad
1876 1858 2126 1927 fluvium

226 1931 571 1985 Amazonum
600 1929 830 1998 confinis
869 1930 1262 1982 Thelolremati
1291 1929 1558 1997 lepadz'nO.

612 2094 656 2134 5·
704 2095 1030 2135 GLYPHIS
1118 2093 1659 2131 CICATRICOSA.

371 2185 451 2236 Gl.
489 2195 664 2234 crusta
700 2183 1191 2232 laminoso-cerata
1225 2180 1392 2228 nitida
1422 2180 1687 2240 alutacea,
1747 2191 1998 2230 stromate
2028 2182 2126 2230 mi.

225 2272 361 2304 nore
391 2255 627 2313 elevato,
670 2253 967 2319 apotheciis
999 2251 1283 2300 latioribus
1335 2251 1592 2316 ellipticis
1637 2261 1691 2300 et
1730 2251 2124 2302 sublinearibus

227 2325 551 2393 simpliciter
592 2325 824 2373 curvatis
856 2326 999 2372 inter
1025 2339 1081 2371 se
1113 2321 1321 2379 liberis,
1364 2321 1552 2388 nigris.

365 2420 508 2470 Aclz.
553 2420 604 2469 in
645 2416 815 2468 Liem.
870 2415 1174 2478 Transact„
1216 2415 1251 2466 l.
1283 2434 1405 2483 c-p.
1439 2425 1523 2477 4ο.
1554 2415 1663 2466 tab.
1696 2433 1744 2469 2.
1786 2413 1906 2485 Fig-
1954 2417 2007 2469 3.
2054 2449 2123 2460 —-

437 2495 558 2557 Syn.
599 2509 649 2558 p.
698 2509 805 2553 ¹07·

374 2572 493 2624 Fe'e.
550 2573 584 2623 Z.
629 2592 672 2623 c.
710 2592 763 2635 p.
802 2569 927 2622 XC.
967 2572 1077 2620 lab.
1123 2563 1302 2636 Lfig.
1348 2585 1426 2634 lc).

368 2672 586 2722 Thallus
629 2682 935 2720 crustaeeus
961 2705 973 2728 ,
1013 2667 1069 2716 in
1105 2667 1225 2716 loco
1257 2665 1417 2713 natali
1459 2664 1631 2730 priori
1660 2663 1739 2713 uti
1773 2663 1930 2724 solet,
1993 2664 2119 2726 (cfr.

226 2761 385 2806 supra
417 2742 626 2791 observ.
662 2760 710 2806 p.
736 2740 864 2801 (23.),
889 2736 1289 2796 crassiusculus,
1331 2736 1633 2793 continuus,
1673 2734 1857 2794 laevis,
1898 2735 2119 2798 nitidus,

225 2812 426 2862 eoloris
462 2831 487 2860 a
527 2810 821 2861 confinibus
844 2809 1012 2875 magis
1041 2808 1278 2857 minusve
1316 2806 1533 2863 diversi,
1564 2805 1617 2853 in
1653 2804 1823 2854 altero
1868 2805 1991 2855 loco
2028 2825 2121 2856 na-

220 2883 314 2933 tali
343 2883 690 2948 interruptus,
724 2880 1028 2936 laminosus,
1057 2877 1292 2935 tenuior,
1336 2875 1532 2924 coloris
1549 2875 1786 2942 purioris
1811 2875 1995 2942 pallidi
2034 2878 2122 2929 vix

220 2953 574 3012 virescentis,
644 2951 884 2999 breviter
937 2949 1079 2997 idem
1145 2948 1237 3014 qui
1310 2946 1534 2994 confinis
1621 2946 2113 2998 Verrucariae.

223 3024 432 3073 Stroma
476 3023 568 3071 illo
609 3022 913 3086 specierum
954 3017 1393 3084 praecedentium
1453 3017 1626 3064 minus
1682 3016 1965 3083 minusque
2005 3015 2117 3067 sre-

221 3112 387 3161 quens
412 3129 424 3153 ,
466 3110 492 3142 e
527 3092 817 3141 substantia
858 3091 975 3139 albo
999 3090 1405 3138 -cinerascente
1446 3105 1567 3136 raro
1620 3086 1898 3152 apothecia
1936 3086 2119 3135 obval-

219 3166 360 3215 lantc
394 3183 494 3214 nec
533 3181 640 3211 non
694 3162 1043 3227 sejungente,
1085 3177 1202 3208 cum
1238 3155 1578 3222 hypotheciis
1624 3166 1930 3206 constanter
1984 3157 2112 3206 satis

194 3235 498 3300 >disjunctis
538 3234 625 3280 vix
655 3230 1104 3282 confundendum,
1179 3228 1479 3294 Apothecia
1515 3227 1723 3289 latiora,
1774 3226 1916 3274 nudo
1955 3226 2113 3277 oculo

224 3304 363 3354 bene
423 3303 841 3367 destinguenda,
881 3301 1053 3350 rarius
1107 3298 1429 3365 imperfecte
1473 3297 1728 3355 linearia,
1784 3296 2119 3362 longitudine

215 3375 547 3426 latitudinem
576 3373 638 3420 ad
674 3390 933 3420 summum
984 3382 1070 3419 ter
1107 3380 1425 3436 superante,
1485 3366 1802 3434 peritheciis
1839 3366 1953 3414 basi
2001 3367 2118 3434 qui-

217 3446 338 3496 dem
375 3442 722 3494 crassissimis
761 3443 1082 3508 saepiusque
1116 3439 1379 3499 connatis,
1422 3437 1486 3487 ad
1521 3435 1862 3502 superficiem
1905 3453 2034 3486 vero
2084 3453 2113 3485 a

216 3534 274 3566 sc
332 3515 559 3569 invicem
608 3511 904 3574 distinctis»,
961 3510 1089 3560 hinc
1117 3526 1224 3560 non
1267 3526 1385 3559 cum
1422 3506 1734 3559 auctoribus
1789 3506 1967 3557 citatis
2007 3522 2110 3574 pro
