2163 3852
181 250 219 305 4
1025 242 1242 294 Amant.

359 392 884 475 Quemadmodum
929 413 1074 454 vero
1125 392 1344 452 folium
1404 414 1477 451 ex
1528 392 1805 453 cohibita
1849 409 2088 475 vegeta-

194 475 365 538 tione
403 478 738 544 enascitur,
788 475 902 546 ita,
949 474 1268 533 deficiente
1307 474 1491 545 folio,
1550 477 1959 535 retentionem
1997 478 2091 537 in-

198 559 491 619 crementi
538 557 868 615 admodum
922 556 1321 636 conspicuam
1381 573 1703 638 expectare
1743 559 1847 617 hic
1903 558 2088 630 noIiS,

193 642 307 702 sed
342 640 642 719 vegetatio
687 638 865 697 durat
912 639 975 695 in
1018 639 1188 716 Algis
1240 639 1384 697 dum
1429 639 1786 720 vegetabilis
1832 641 2093 699 materia

194 723 411 791 subsit,
460 742 614 801 quae
639 742 775 778 eum
800 722 863 778 in
887 742 1063 778 usum
1090 721 1494 801 impendatur,
1542 723 1820 802 repetitis
1847 743 2091 803 semper

195 804 553 864 cellularum
599 803 814 861 formis
855 803 1184 883 primariis,
1285 805 1484 884 Quare
1541 805 1741 864 evenit
1791 818 1856 861 ut
1897 803 2090 882 Algae

192 887 414 944 mirum
453 900 682 965 quanta
720 884 933 943 sobole
973 885 1284 943 abundent
1326 901 1386 943 et
1420 906 1603 965 quam
1643 885 1922 966 plurimis
1961 885 2089 944 for-

192 969 308 1026 mis
351 967 829 1045 distinguantur,
889 968 1061 1044 cujus
1098 967 1568 1048 polymorphiae
1612 969 1775 1026 vices
1822 966 2092 1047 singula-

192 1073 328 1107 rum
368 1050 711 1129 specierum
746 1049 1164 1126 cognitionem
1197 1049 1452 1108 reddere
1488 1049 1916 1109 difficillimam
1951 1048 2088 1107 nul-

192 1131 286 1188 lus
331 1145 424 1187 est
457 1130 925 1199 Botanicorum,
995 1131 1099 1209 qui
1134 1132 1393 1189 nesciat.

357 1211 708 1269 Secundum
769 1232 1154 1269 communem
1207 1213 1436 1291 legem:
1526 1205 1975 1292 vegetatstrnem
2023 1227 2088 1272 et

190 1293 732 1353 fructificationem
779 1294 942 1350 inter
995 1314 1057 1350 se
1116 1293 1425 1351 adversari
1480 1310 1663 1374 atque
1709 1295 1972 1365 invicem
2018 1315 2088 1354 se

188 1376 438 1444 tollere,
486 1376 621 1454 ipsa
647 1375 962 1453 generatio
991 1377 1260 1456 partium
1286 1376 1720 1458 propagationi
1751 1377 2087 1437 inservien-

185 1458 342 1516 tium
385 1458 539 1515 nihil
577 1458 860 1538 profecto
907 1457 1075 1515 aliud
1110 1474 1234 1529 est,
1301 1473 1734 1540 praeterquam
1779 1459 2085 1539 repressio

187 1539 591 1619 vegetationis
609 1581 626 1608 ,
690 1554 904 1621 utpote
942 1563 1154 1600 mucus
1195 1541 1347 1599 alias
1388 1541 1465 1599 ad
1499 1540 1957 1620 generationem
1990 1561 2087 1599 re-

189 1622 462 1681 centium
505 1622 817 1680 frondium
860 1622 1198 1682 destinatus
1240 1624 1330 1680 nil
1371 1645 1526 1704 opus
1566 1621 1781 1694 habet,
1849 1623 1973 1680 nisi
2005 1622 2083 1682 ab

191 1704 429 1784 reliqua
462 1703 683 1762 fronde
727 1705 1108 1776 secernatur,
1185 1720 1254 1764 ut
1296 1726 1371 1764 eo
1410 1705 1597 1763 modo
1634 1725 1831 1763 novae
1870 1705 2084 1787 stirpis

194 1786 502 1865 singulare
547 1807 796 1865 germen
835 1788 1069 1845 evadat.

353 1868 672 1947 Ejusmodi
705 1869 1060 1947 vegetabilis
1097 1890 1351 1928 mucosa
1382 1871 1600 1927 Monas
1616 1910 1634 1939 ,
1682 1889 1838 1949 quae
1866 1867 2083 1948 globo-

191 1969 322 2007 sam
356 1950 715 2031 plerumque
753 1952 1016 2010 formam
1057 1952 1287 2023 induit,
1345 1953 1410 2009 in
1444 1953 1791 2009 universum
1832 1951 2085 2031 Spora

190 2032 431 2102 audiat,
481 2055 601 2112 qua
634 2034 873 2091 infimae
909 2035 1100 2114 Algae
1135 2048 1573 2115 propagantur.
1673 2033 2080 2113 Quemadmo-

190 2113 334 2172 dum
373 2128 575 2172 autem
604 2117 1014 2175 nobilioribus
1045 2117 1273 2197 plantis
1310 2132 1476 2175 certa
1519 2118 1820 2196 quaedam
1851 2115 2080 2196 planti-

187 2216 367 2274 gerae
406 2196 782 2257 substantiae
821 2199 1182 2269 multitudo,
1259 2220 1414 2279 quae
1442 2199 1601 2257 inter
1631 2219 1695 2256 56
1727 2198 1810 2255 sit
1836 2211 2081 2256 contra-

186 2278 279 2335 ria
313 2292 373 2336 et
414 2278 679 2359 polaris,
758 2281 920 2339 adsit
960 2302 1214 2339 necesse
1253 2297 1373 2352 est,
1449 2296 1516 2339 ut
1555 2296 1865 2338 recentem
1908 2300 1977 2336 ex
2012 2300 2079 2338 56

185 2360 426 2440 prolem
463 2362 728 2432 emittat,
803 2363 1062 2443 perinde
1102 2363 1327 2422 multae
1370 2378 1510 2421 sunt
1559 2362 1776 2441 Algae,
1852 2361 2075 2442 quibus

186 2441 448 2523 simplex
479 2465 663 2524 spora
701 2445 779 2502 ad
805 2446 1319 2526 propagationem
1360 2468 1488 2503 non
1516 2445 1772 2502 sufficit:
1841 2465 1962 2523 qua
2002 2443 2079 2502 de

186 2544 251 2580 re
283 2525 625 2604 complures
660 2548 725 2584 56
753 2529 830 2585 ad
853 2529 1102 2586 unicum
1131 2528 1534 2606 majusculum
1565 2547 1789 2607 corpus
1818 2526 2077 2606 conjun-

184 2621 362 2683 gunt,
423 2628 578 2685 quae
616 2630 880 2688 corpora
914 2609 1158 2689 appello
1197 2608 1616 2687 Gongylos.

344 2685 511 2745 Illius
537 2709 680 2747 vero
714 2690 1090 2749 substantiae
1123 2691 1557 2772 propagationi
1587 2690 1845 2748 idoneae
1872 2710 2074 2748 secre-

182 2767 271 2826 tio
310 2767 548 2827 interne
591 2771 656 2828 in
687 2771 906 2830 cellula
953 2774 1277 2832 conficitur
1292 2797 1310 2849 5
1383 2774 1657 2852 haecque
1709 2794 1820 2852 per
1876 2787 2075 2830 totum

183 2850 465 2908 ordinem
493 2853 707 2910 eadem
737 2870 830 2913 est
861 2857 1017 2914 ratio
1052 2856 1261 2936 utiquc
1296 2855 1413 2914 sihi
1452 2870 1773 2924 constans,
1849 2869 1915 2911 ut
1948 2854 2072 2912 cel·

181 2931 306 2989 lula
349 2953 487 2989 cum
530 2955 735 2993 massa
777 2937 1013 2995 interne
1066 2939 1301 2996 inclusa
1359 2958 1656 3018 sporacca
1700 2937 2072 3016 archetypus

181 3012 454 3071 omnium
501 3038 872 3094 organorum
910 3021 1367 3078 sructii'erorum
1402 3020 1637 3078 existat.
1749 3019 2072 3097 Ejusmodi

183 3095 440 3153 cellulae
466 3116 512 3153 5.
540 3099 862 3170 vesiculae,
907 3103 1092 3160 modo
1122 3102 1409 3181 singulae,
1451 3103 1636 3160 modo
1665 3100 1855 3158 altera
1883 3121 2070 3180 supra

179 3175 465 3247 alteram,
526 3182 795 3240 eminent
833 3199 890 3242 et
921 3184 1180 3242 bacillos
1217 3186 1504 3242 formant.
1616 3182 1883 3241 Nucleus
1921 3202 2066 3241 vero

178 3259 606 3337 germinationi
639 3279 812 3343 aptus
843 3288 1284 3346 nonnunquam
1311 3288 1381 3324 ex
1412 3266 1764 3324 continente
1796 3263 2069 3322 vesicula

176 3341 297 3397 exit
339 3356 398 3399 et
434 3362 499 3398 56
538 3344 861 3416 discernit,
938 3350 1124 3407 modo
1167 3348 1385 3406 cellula
1423 3370 1561 3406 cum
1587 3367 1790 3404 massa
1826 3345 2062 3405 inclusa

172 3423 552 3502 propullulat
579 3441 638 3483 et
669 3431 1003 3488 crescendo
1034 3431 1392 3488 extenditur.

338 3505 485 3562 Inde
519 3528 679 3567 nova
706 3511 914 3589 planta
948 3513 1032 3569 ita
1072 3534 1135 3569 se
1167 3513 1439 3593 expedit,
1507 3527 1574 3569 ut
1613 3508 1884 3588 singulae
1927 3508 2056 3588 ejus

170 3585 511 3665 particulae
546 3588 703 3646 inter
737 3614 800 3649 56
830 3593 1199 3674 simplicium
1236 3595 1591 3653 cellularum
1626 3612 1794 3649 more
1832 3611 2056 3648 conca-

168 3679 485 3741 tenentur,
550 3692 707 3751 quae
743 3690 930 3756 prout
970 3678 1263 3757 cujusque
1315 3676 1545 3759 speciei
1593 3674 1713 3733 sert
1756 3686 2058 3733 structura
