2163 3852
180 127 284 185 100
732 119 1044 174 monens.
1100 116 1497 172 Laxos-nm.

531 289 578 336 9.
618 292 1130 332 nmoennnu
1169 289 1640 330 rnuxnosuu.
1685 278 1718 333 1·

328 393 393 443 L.
419 401 597 443 crusta
629 389 1135 441 submembranacea
1168 386 1437 456 aequabili
1479 384 1906 446 albida-caesia,
1945 401 2069 453 apo·

191 463 386 516 theeiis
434 459 718 511 latioribus
770 459 1018 527 oblongis
1050 457 1248 508 Iobatis
1284 456 1557 526 angulosis
1591 465 1646 504 et
1679 454 2074 506 substellulato-

189 530 561 590 difformibus‚
602 529 754 582 disco
792 528 1125 597 planiusculo
1159 527 1319 596 nigro
1353 526 1555 591 (caesio
1578 525 1899 594 pruinoso),
1936 534 2081 575 mar-‘

186 604 316 673 gine
342 599 619 666 tumidulo.

326 686 476 738 [con.
519 685 614 737 sel.
648 693 900 755 cryptog.
931 683 1043 736 tab.
1069 702 1119 753 7.
1139 679 1250 754 fig.
1289 684 1342 737 3.

331 777 551 826 Thallus
580 786 884 827 crustaceus
903 811 915 835 ,
958 792 1022 825 ex
1052 773 1375 842 apotheciis,
1415 772 1496 824 uti
1525 770 1765 832 videtur,
1802 770 1946 822 inter
1975 770 2078 822 alia

189 847 363 899 adulta
389 845 801 914 erumpentibus
825 863 1008 911 parum
1039 845 1347 912 rugulosus‚
1387 843 1442 893 in
1471 841 1703 893 confinio
1733 841 2077 910 nigro-limi-

186 929 347 970 tatus.
420 916 715 983 Apothecia
741 915 957 983 generis
977 916 1231 974 maxima,
1287 913 1402 964 fere
1431 913 1702 964 dimidiam
1728 913 1922 961 lineam
1949 912 2071 971 lata,

186 988 281 1040 vix
307 1003 540 1054 unquam
567 1003 667 1035 una
692 986 830 1034 linea
855 984 1121 1052 longiora.
1172 984 1538 1035 Perithecium
1581 982 1912 1032 dimidiatum
1935 1017 1948 1041 ,
1994 991 2073 1031 te-

188 1074 314 1117 nue,
359 1056 649 1123 integrum,
688 1054 970 1121 cupulare,
1011 1054 1183 1103 rarius
1205 1055 1271 1104 ad
1304 1054 1455 1104 basin
1477 1054 1806 1120 angulosum.
1879 1052 2082 1101 Discus·

187 1127 246 1177 in
282 1125 514 1185 nostris,
557 1125 741 1174 forsan
785 1123 854 1173 ob
894 1133 1149 1183 aetatem,
1186 1124 1713 1188 caesio-pruinosuS,
1752 1121 2080 1172 madefactus

185 1196 374 1264 niger,
429 1194 673 1260 margine
705 1192 937 1243 thallode
963 1193 1471 1260 plicato-tumidulo
1502 1192 1786 1260 inaequali.
1861 1190 2075 1242 Thecae

185 1265 478 1324 maximae,
513 1263 1162 1332 oblongo-cylindricae,
1202 1281 1229 1312 a
1266 1263 1445 1312 medio
1484 1279 1670 1312 versus
1712 1260 1873 1310 finem
1913 1279 2076 1330 angu-

187 1345 358 1387 statae
379 1371 393 1395 ,
432 1334 742 1393 annulatae,
783 1333 1008 1383 annullis
1041 1333 1235 1401 viginti
1267 1333 1328 1382 ad
1358 1333 1577 1399 triginta
1608 1331 1900 1382 cellulosis.

327 1402 532 1454 Crescit
560 1404 631 1452 ad
664 1402 919 1452 arborum
946 1403 1195 1452 corticem
1219 1420 1391 1471 prope
1419 1401 1655 1451 Balciam
1672 1439 1686 1463 ‚
1726 1394 1940 1464 confirw
1962 1395 2065 1449 Le-

187 1469 742 1544 cideaeferrugineae
782 1491 900 1524 var.
932 1472 1212 1523 coccineae
1239 1481 1289 1522 et
1320 1469 1626 1522 Parmeliae
1651 1467 1938 1540 sulgfzzscae
1956 1488 2071 1519 var.

186 1554 364 1595 atrae.

329 1613 470 1666 Adn
493 1625 575 1664 ot.
652 1616 710 1663 In
743 1613 842 1662 hac
877 1631 1095 1683 quoque
1125 1613 1306 1679 specie
1338 1630 1369 1663 e
1402 1611 1573 1663 thecis
1603 1612 1860 1679 disruptis
1882 1649 1895 1672 ‚
1946 1611 2079 1661 licet

187 1685 507 1737 annulorum
552 1683 773 1732 cellulae
818 1685 1105 1752 quadratae
1153 1683 1463 1745 videantur,
1531 1683 1772 1749 sporulas
1829 1681 2077 1750 globosas

186 1769 344 1805 muco
380 1753 645 1803 involutas
693 1753 982 1820 provenire
1018 1754 1161 1813 vidi,
1204 1753 1432 1819 perinde
1470 1769 1527 1802 ac
1554 1754 1710 1803 icone
1747 1754 2079 1805 Verruca-

184 1827 334 1875 riae
375 1843 399 1874 a
421 1841 453 1872 u
472 1842 538 1872 ra
557 1842 587 1871 n
608 1824 703 1872 tia
722 1839 750 1873 c
768 1842 794 1872 a
812 1840 840 1873 e
882 1821 1056 1890 (Icon.
1090 1820 1186 1874 sel.
1219 1830 1471 1891 cryptog.
1500 1822 1609 1872 tab.
1642 1839 1691 1889 7.
1709 1816 1820 1891 fig.
1841 1839 1893 1889 7.
1916 1839 1970 1872 n.
1998 1822 2078 1885 4.)

184 1905 645 1963 repraesentatum
685 1904 784 1942 est.

562 2036 628 2076 ιο.
682 2039 1195 2077 LEtoGRAmMA
1238 2040 1619 2076 LOBATUM.
1672 2029 1701 2082 †

323 2130 384 2178 L.
434 2136 611 2178 crusta
667 2124 1334 2193 cartilaginco-laminosa
1381 2124 1653 2193 aequabili
1697 2125 1871 2175 albida
1907 2124 2074 2174 vires-

186 2208 377 2259 cente,
417 2196 717 2265 apolheciis
755 2196 947 2256 variis,
991 2194 1247 2263 oblongis>
1290 2207 1342 2246 et
1374 2195 1881 2257 rotundo-Iobatis,
1921 2194 2082 2246 disco>

187 2267 639 2324 convexiusculo,
679 2266 920 2333 margine
954 2266 1198 2315 evanido.

323 2352 470 2424 Syst.
509 2352 667 2404 Lich.
690 2347 798 2421 fig.
837 2371 885 2418 7.

331 2443 551 2493 Thallus
588 2454 928 2501 crustaceus,
977 2439 1151 2489 minus
1209 2458 1364 2510 qnam
1410 2451 1587 2490 crusta
1636 2440 1865 2490 aliorum
1909 2438 2079 2489 liche-

187 2531 312 2563 num
347 2514 470 2563 loco
500 2514 661 2563 natali
688 2512 1016 2562 conveniens
1052 2511 1170 2571 (cfr.
1203 2529 1360 2575 supra
1390 2510 1599 2560 observ.
1630 2528 1679 2576 p.
1712 2510 1836 2569 63.)‚
1879 2510 2078 2559 tenuis·

194 2579 327 2633 s'imc
370 2584 655 2651 rugulosus
699 2599 800 2630 nec
843 2597 962 2629 cum
1007 2578 1204 2628 confini
1248 2580 1481 2641 nitidus,
1535 2597 1654 2628 mox
1705 2579 1909 2629 albidus
1954 2596 2078 2630 mox

187 2652 388 2720 pallide
450 2655 752 2710 virescens,
829 2650 1339 2718 nigro—limitatus·
1427 2649 1726 2716 Apothecia
1776 2650 2076 2708 latiuscula,

189 2723 635 2790 praecedentibus
679 2722 917 2778 minora,
959 2719 1340 2785 polymorpha‚
1383 2719 1792 2785 punctiformia,
1846 2720 2077 2787 oblonga

190 2803 244 2842 et
270 2793 436 2860 magis
471 2791 798 2842 difformiter
825 2790 1067 2856 elongata
1092 2826 1104 2847 ‚
1144 2789 1244 2837 alia
1278 2790 1595 2840 renisormia
1626 2802 1677 2839 et
1699 2790 1891 2839 lohata.
1945 2790 2074 2840 Dis-

189 2878 284 2912 cus
317 2862 370 2910 in
406 2863 582 2911 medio
617 2859 978 2928 planiuscnlus
1003 2895 1015 2919 ,
1070 2857 1250 2924 junior
1298 2878 1323 2908 a
1366 2861 1608 2926 margine
1646 2859 1879 2910 thallode
1934 2859 2076 2925 (for-

192 2949 287 2985 san
328 2932 556 2981 eundem
596 2932 753 2980 initio
796 2931 1062 2995 integrum
1107 2927 1423 2995 obtegente)
1463 2929 1661 2979 arctius
1704 2930 1944 2990 cinctus,
1985 2928 2078 2979 de-

191 3019 334 3050 mum
368 3002 626 3051 ulteriore
649 3010 920 3050 attenuato
952 3016 1130 3048 versus
1155 2999 1408 3048 ambitum
1436 2998 1741 3066 depressuS,
1782 3019 1809 3049 a
1837 3002 2074 3066 margine

193 3071 427 3121 thallode
458 3089 551 3137 per
580 3071 989 3138 impressionem
1019 3068 1417 3119 rimaeformem
1444 3070 1745 3136 sejunctus,
1785 3071 1841 3119 in
1870 3071 2072 3120 nostris

194 3143 475 3191 acerrimus
517 3157 616 3190 nec
644 3157 871 3208 unquam
903 3138 1200 3206 pruinosus.
1274 3138 1640 3189 Perithecium
1670 3141 1953 3205 cupulare,
1992 3150 2073 3188 te·

193 3226 333 3270 nuc,
374 3212 761 3277 subintegrum.
836 3208 1049 3258 Thecae
1080 3210 1346 3268 minores,
1388 3220 1668 3277 angustae,
1719 3207 2072 3275 subcylindri-

193 3293 325 3341 one,
364 3291 448 3330 ter
487 3282 546 3328 ad
581 3282 770 3329 novies
802 3279 1074 3327 annulatae
1095 3315 1108 3340 ,
1149 3279 1388 3329 articulis
1417 3279 1775 3347 subglobosis.
1849 3279 1961 3331 Csr.
1990 3279 2072 3328 in-

195 3349 278 3400 sra
311 3349 723 3400 Arthoniam
762 3347 1196 3416 punctiform
1217 3366 1327 3398 em.

333 3435 527 3487 Incolit
563 3436 810 3485 corticem
837 3434 1093 3484 arborum
1110 3434 1604 3504 semper-virentium
1625 3452 1798 3505 prope
1815 3431 2068 3497 Bedaium,

196 3501 411 3573 corfine
439 3505 703 3577 Oly-phadi
729 3505 1092 3558 cicatricosae.
1145 3525 1149 3533 ·
