2163 3852
1136 17 1158 27 a

145 186 215 237 45
762 171 978 220 Amne.
1069 172 1414 220 SAacAssuM.

148 333 264 384 fere
291 343 442 380 recto
475 334 749 376 exeunteS.
806 320 1001 371 Folia
1035 321 1091 369 in
1117 320 1334 372 ramulis
1364 320 1575 372 sessilia
1605 319 1687 370 vel
1710 318 2029 370 brevissime

143 402 416 472 petiolata,
456 397 676 453 alterna,
719 391 966 453 disticha,
1005 391 1515 442 lineari-lanceolata
1545 390 1633 442 vel
1663 390 2030 459 angusto-lan-

149 474 377 530 ceolata,
417 467 535 535 plus
567 464 740 513 minus
769 462 1020 513 distincte
1051 461 1265 512 dentata
1292 463 1378 513 vel
1411 462 1738 519 subserrata,
1778 460 2029 511 dentibus

149 543 344 601 acutis,
398 557 496 605 per
527 534 764 586 medium
790 551 957 586 nervo
1005 534 1291 595 instructa,
1342 533 1494 600 poris
1528 529 1796 581 mucissuis
1830 530 2029 598 sparsis

147 615 232 668 vel
263 614 620 678 subquaterna
651 605 793 656 serie
831 604 1109 670 dispositis
1144 614 1379 669 pertusa.
1464 602 1841 656 Vesiculae
1887 601 2031 649 inter

147 685 281 737 folia
310 696 555 748 sparsae,
625 675 683 725 in
722 674 1003 741 pedieellis
1039 674 1242 740 planis,
1309 674 1598 741 globosae,
1666 671 2033 739 magnitudine

150 752 331 807 nuclei
362 750 547 802 Gerasi
581 746 820 797 minoriS.
899 743 1289 812 Sporangia
1320 744 1406 794 vel
1439 744 1494 792 in
1535 742 1757 792 ramulis
1787 742 1871 793 vel
1908 757 2032 790 raro

149 829 207 877 in
236 822 372 891 ipsis
403 817 644 870 caulibus
672 833 965 874 racemosa,
1005 814 1345 872 subsessilia,
1385 813 1698 878 cylindrica‚
1736 811 2036 864 acutiuscu-

150 899 225 957 la,
264 908 424 959 saepe
462 887 803 940 subtorulosa
823 924 835 946 ‚
877 885 1144 953 simplicia
1171 895 1258 934 aut
1281 882 1463 934 bifida.

295 962 495 1027 Stirpis
534 976 691 1028 quam
734 957 959 1006 maxime
1003 955 1389 1024 polymorphae
1427 954 1627 1004 formas
1659 951 2040 1019 distinguimus

155 1044 442 1104 sequentes
482 1049 511 1079 a
550 1028 756 1096 vulgari
789 1027 1060 1076 diversas:

298 1106 351 1153 S.
385 1099 703 1166 vulgare,
745 1095 1225 1155 tenuifolium‚
1266 1097 1377 1162 Ag.
1418 1093 1699 1143 frondibus
1725 1090 2041 1148 laxioribus,

156 1176 306 1226 foliis
343 1168 708 1221 tenerioribus
740 1166 857 1216 fere
895 1165 1182 1232 pellucidis
1216 1165 1408 1214 crebre
1452 1164 1696 1231 porosis,
1760 1162 2042 1212 exsiccatis

156 1245 323 1314 magis
357 1241 526 1292 fuscis
548 1276 560 1299 ‚
604 1237 857 1289 vesiculis
888 1236 1099 1304 longius
1127 1234 1485 1302 pedicellatis.

302 1316 355 1364 S.
396 1311 716 1378 vulgare,
753 1304 1261 1374 polyphyllum,
1300 1308 1495 1354 Mert.
1534 1302 1599 1350 in
1638 1301 1778 1352 litt.
1826 1300 2046 1352 ramulis

155 1382 411 1438 foliiferis
451 1380 660 1441 densis,
727 1377 873 1427 soliis
912 1375 1238 1426 abbreviatis
1272 1373 1585 1424 lanceolatis
1624 1371 1798 1420 minus
1833 1371 2048 1439 conspi-

156 1476 255 1509 cue
284 1452 653 1510 denticulatis,
692 1447 945 1498 vesiculis
975 1446 1177 1514 parcis,
1219 1443 1524 1512 sporangiis
1554 1442 1824 1491 tenuibus.

300 1527 354 1575 S.
393 1523 708 1590 vulgare,
749 1516 1089 1582 oxyodon,
1129 1520 1305 1565 Mert
1362 1515 1424 1563 in
1462 1514 1605 1561 litt.
1646 1513 1868 1561 ramulis
1898 1509 2046 1560 folii-

157 1597 292 1649 feris
334 1593 531 1661 sparsis
569 1589 920 1647 abbreviatis,
978 1588 1128 1637 foliis
1157 1583 1653 1650 lineari-oblongis
1690 1582 1956 1649 profunde
1996 1590 2050 1628 et

158 1660 782 1719 subsinuato-dentatis,
837 1658 1092 1708 vesiculis
1130 1656 1308 1724 parcis
1353 1655 1775 1713 subracemosis‚
1832 1668 2053 1719 sporan-

154 1739 260 1809 giis
289 1734 546 1786 tenuibus
581 1729 927 1780 abbreviatis.

292 1807 347 1858 S.
387 1803 710 1872 vulgare,
765 1797 1358 1864 acanthocarpos,
1417 1798 1622 1845 Turn.
1683 1791 1854 1842 forma
1897 1806 2052 1858 prae-

153 1880 382 1941 cedens>
423 1871 731 1943 sporangiis
765 1868 1079 1936 spinulosis.

297 1952 351 2001 S.
402 1945 717 2013 vulgare,
774 1941 1011 2000 laxum,
1050 1941 1248 1989 Mert.
1288 1935 1356 1984 ia.
1397 1934 1538 1983 litt.
1580 1933 1776 1984 fronde
1809 1931 2054 1999 elongata

156 2020 355 2074 diffusa
390 2017 502 2067 laxa
531 2013 746 2064 inferne
773 2011 1068 2070 denudata,
1119 2007 1340 2057 ramulis
1377 2005 1641 2073 elongatis
1677 2002 1878 2072 sparsis
1901 2039 1913 2062 ,
1969 2000 2054 2050 fo-

154 2094 247 2145 liis
292 2087 528 2141 auoustis
568 2083 866 2142 linearibus
917 2080 1230 2131 acuminatis
1274 2076 1746 2135 subdenticulatis,
1800 2071 2056 2123 vesiculis

156 2126 537 2230 frequeiitibus
580 2153 1003 2214 subracemosis,
1072 2147 1375 2216 sporangiis
1423 2147 1686 2215 elongatis
1747 2144 2056 2208 subcorym-

160 2235 331 2286 hosis.

298 2318 365 2370 In
399 2335 491 2367 ore
518 2311 795 2363 Brasiliae
821 2309 1055 2378 passim,
1104 2326 1136 2356 α
1168 2305 1318 2355 nobis
1348 2313 1397 2353 et
1430 2322 1463 2352 α
1495 2303 1564 2353 cl.
1599 2302 1730 2354 viris
1755 2302 1820 2352 de
1838 2299 2053 2370 Langs-

162 2386 337 2461 dorff,
392 2388 463 2438 de
495 2383 804 2446 Chamisso,
861 2378 1128 2430 Schrader
1159 2386 1206 2427 et
1253 2373 1483 2426 Tilesius
1518 2374 1878 2424 observatam.

519 2523 564 2563 2-
629 2521 1072 2559 SARGASSU'M
1124 2516 1645 2553 MAXIMtLtANI.
1677 2509 1704 2558 ἦ·

305 2617 359 2665 S.
394 2611 545 2662 caule
578 2607 930 2659 teretiusculo
970 2603 1246 2654 subdiviso
1284 2601 1450 2659 laevi,
1510 2602 1730 2650 ramulis
1784 2600 1872 2651 vix
1919 2599 2059 2658 ullis,

169 2686 317 2738 foliis
351 2685 406 2732 in
442 2681 593 2732 caule
631 2675 980 2727 subdisticliis
1023 2671 1516 2739 lineari-oblongis
1565 2672 1772 2721 obtusis
1811 2671 2062 2737 inaequa-

169 2759 297 2808 liter
328 2764 481 2803 acute
514 2762 569 2800 et
600 2745 1194 2798 subsinuato-dentatis
1238 2743 1390 2809 apice
1436 2742 1719 2792 rotundato
1767 2739 2063 2791 denticula-

171 2829 267 2891 tis,
307 2822 560 2877 vesiculis
590 2818 862 2887 globosis,
904 2815 1209 2883 sporangiis
1237 2814 1342 2862 —-‘?

311 2916 489 2964 Fucus
523 2906 905 2964 Maximiliani,
945 2901 1172 2955 Schrad.
1202 2902 1254 2951 in
1292 2900 1437 2950 Golt.
1470 2898 1610 2949 Ana.
1656 2902 1804 2951 1821.
1843 2911 1962 2955 712.

311 3000 550 3053 Caulis
611 2996 1005 3066 sesquipedalis
1054 3005 1108 3043 et
1161 2992 1408 3060 longior,
1477 2990 1531 3039 in
1582 3007 1805 3039 ramos
1861 2986 2066 3057 similes

175 3075 302 3126 hinc
338 3072 461 3120 inde
493 3071 726 3128 divisus,
783 3066 1191 3124 teretiusculus‚
1247 3063 1324 3112 uti
1359 3072 1465 3111 tota
1497 3060 1660 3127 stirps
1697 3061 1928 3110 obscure
1957 3057 2069 3107 fus-

178 3163 288 3195 cus.
365 3140 567 3191 Folia
609 3137 905 3187 alternatim
945 3153 972 3184 e
1009 3137 1157 3183 caule
1189 3134 1458 3200 ramisque
1490 3130 1894 3197 provenientia,
1945 3129 2068 3178 sub-

180 3213 574 3281 approximata,
629 3208 948 3259 brevissime
990 3206 1276 3272 petiolata,
1335 3202 1556 3271 sesqui·
1605 3213 1658 3251 et
1703 3199 2065 3268 bipollicaria,

177 3302 343 3335 nervo
394 3299 491 3349 per
538 3278 770 3329 medium
827 3277 1148 3326 decurrente
1209 3273 1445 3334 firmata,
1531 3272 1754 3322 lineari:
1815 3270 2065 3335 oblonga,

183 3355 402 3413 obtusa,
466 3350 716 3400 dentibus
765 3349 934 3397 acutis
973 3345 1339 3414 inaequalibus
1386 3343 1562 3393 antice
1607 3340 1950 3392 brevioribus
1997 3339 2071 3387 si-

181 3422 616 3482 nuoso-excisa,
670 3420 822 3486 apice
852 3418 1137 3468 rotundato
1175 3415 1425 3464 dentibus
1460 3412 1758 3463 minoribus
1788 3411 2067 3459 instructa.

182 3492 562 3546 Vesiculae
597 3490 885 3558 globosae,
927 3486 1289 3553 magnitudine
1324 3485 1476 3552 grani
1504 3483 1721 3549 Piperis
1747 3481 1923 3547 nigri,
1965 3480 2071 3527 lae-

184 3567 420 3634 vigatae,
460 3561 738 3620 axillare5‚
779 3559 1050 3609 solitariae
1085 3557 1165 3607 vel
1195 3557 1467 3624 geminae.
1508 3552 1791 3617 pedicellis
1822 3548 2073 3604 brevibus

188 3633 551 3686 teretiusculis
588 3629 856 3681 suffultae.
933 3627 1325 3696 Sporangia
1363 3644 1472 3676 non
1503 3626 1729 3675 detecta.
